1520 2508
543 65 733 100 PROLEG
738 65 915 100 OMENA.
1287 65 1403 101 XLIX

57 161 239 210 periatur,
249 171 322 206 quo
336 159 496 196 Theonis
515 160 682 195 recensio
695 158 822 205 purior
840 160 879 195 et
891 159 1141 206 incorruptior
1153 159 1400 205 contineatur,

58 218 102 252 ut
124 214 247 251 uerius
271 214 318 249 de
343 225 386 250 eo
411 213 578 249 iudicare
602 214 797 259 possimus.

151 267 222 304 Sed
252 267 329 303 iam
361 269 447 303 ante
477 267 667 302 Theonem
696 266 938 302 manifestum
969 269 1027 303 est
1057 267 1238 303 Datorum
1262 266 1402 303 librum

58 320 184 358 multis
207 320 301 355 locis
334 322 371 356 et
402 320 588 356 erroribus
621 320 867 365 deprauatum
898 322 936 356 et
966 320 1319 367 interpolationibus
1345 321 1400 356 in-

56 374 249 420 quinatum
281 384 371 409 esse.
431 374 652 409 documento
684 375 772 408 sunt
802 374 899 409 uitia
923 373 1015 419 ista,
1051 385 1147 419 quae
1178 385 1290 420 supra
1322 374 1401 410 dixi

57 427 220 464 omnium
245 427 416 463 codicum
442 426 653 463 communia
673 437 753 462 esse
778 438 950 472 quaeque
968 439 1015 463 ne
1035 439 1058 463 a
1077 428 1228 463 Theone
1248 427 1401 473 quidem

54 482 219 516 correcta
251 493 331 518 esse
363 482 536 517 uidimus.
599 482 712 526 atque
745 492 829 516 cum
854 481 954 516 Data
985 481 1065 517 sine
1097 481 1212 517 dubio
1243 481 1321 516 iam
1350 481 1399 517 ab

52 533 162 570 initio
181 534 221 570 in
241 535 378 571 scholis
398 535 660 579 tractarentur,
680 534 868 580 magistri,
887 537 930 570 ut
950 534 1132 579 solebant,
1154 546 1222 570 sua
1241 535 1400 580 quisque

52 587 345 625 inculcauerunt.
402 587 623 634 Apollonius
655 587 807 633 quidem
838 590 915 624 tres
946 588 1033 623 illas
1065 588 1301 624 definitiones
1334 589 1399 624 ad-

51 640 190 677 didisse
215 643 405 688 putandus
431 644 507 687 est,
539 652 635 687 quae
661 641 776 688 uulgo
803 643 890 677 sunt
916 642 1062 677 decima
1088 642 1218 687 tertia,
1251 644 1398 688 quarta,

51 693 183 739 quinta
201 707 369 740 quasque
389 696 437 731 ad
457 707 542 731 eum
562 695 766 731 scholiasta
784 695 905 731 tradit
923 694 1069 740 referri3
1095 707 1130 731 u.
1152 695 1265 732 schol.
1282 708 1336 732 nr.
1353 699 1397 730 13

51 748 88 782 et
112 748 175 784 cfr.
203 760 287 795 app.
315 750 428 786 schol.
454 762 508 786 nr.
535 753 591 785 32.
649 760 744 794 quae
778 748 1014 784 definitiones
1046 759 1130 784 cum
1159 749 1199 784 in
1224 749 1397 784 omnibus

49 800 242 838 codicibus
260 803 443 849 legantur,
468 802 660 849 Apollonii
685 802 877 848 exemplar
899 813 1026 838 eorum
1044 802 1118 837 fuit
1136 802 1246 847 quasi
1265 803 1396 838 arche-

49 853 182 900 typum
194 858 229 901 ¹).
266 856 602 892 demonstrationes
623 857 748 891 autem
769 856 908 891 alteras
931 855 1131 901 quominus
1149 855 1299 891 Euclidi
1321 855 1396 902 ipsi

49 908 230 956 tribuam,
263 921 347 946 cum
378 921 513 946 causae
544 909 618 945 uol.
638 909 673 944 V
696 922 731 956 p.
752 909 901 945 LXXIX
933 910 979 944 de
1004 909 1208 944 Elementis
1241 909 1395 945 adlatae

50 962 204 998 obstant
227 965 307 998 tum
332 963 444 1009 illud,
478 964 580 1008 quod
611 974 739 999 earum
770 964 809 998 et
834 962 954 998 oratio
983 964 1022 997 et
1047 972 1166 997 sermo
1193 973 1215 997 a
1241 973 1394 998 consue-

47 1015 178 1051 tudine
202 1017 383 1052 Euclidea
406 1028 482 1052 non
505 1016 635 1063 paucis
660 1016 753 1052 locis
780 1016 979 1061 discrepat.

142 1069 210 1104 His
230 1069 474 1116 amplioribus
493 1069 846 1114 interpolationibus
869 1080 915 1104 ea
935 1068 1196 1103 additamenta
1221 1068 1394 1104 breuiora

51 1121 232 1168 adiungo,
265 1133 360 1168 quae
385 1122 552 1158 Euclidis
578 1122 703 1157 uerbis
736 1123 823 1158 ante
848 1122 1039 1157 Theonem
1063 1121 1287 1167 interposita
1313 1133 1394 1158 esse

50 1175 262 1211 statuerim:
297 1188 332 1222 p.
354 1180 399 1211 86
424 1176 540 1211 uerba
570 1175 635 1211 lin.
657 1179 701 1210 10
727 1172 812 1211 ἐπεί
833 1197 879 1202 —-
906 1179 950 1210 12
975 1176 1107 1215 δοθείς
1136 1175 1295 1211 molesta
1327 1176 1393 1211 ad-

49 1228 200 1263 modum
225 1232 311 1264 sunt
335 1231 374 1265 et
397 1229 436 1264 id
461 1240 578 1275 genus
602 1228 836 1275 repetitionis
861 1228 910 1264 ab
930 1228 1098 1263 Euclidis
1124 1229 1391 1265 consuetudine

49 1280 235 1317 abhorret.
283 1295 318 1328 p.
340 1286 396 1328 90,
419 1287 461 1317 12
495 1280 696 1327 ἐπειδήπερ
728 1282 804 1317 ἀπὸ
829 1287 894 1327 τῆς
919 1283 1033 1327 αὐτῆς
1059 1283 1213 1323 εὐθείας
1236 1287 1300 1328 τῆς
1324 1285 1391 1318 ΛΖ

46 1333 326 1379 ἀναγέγραπται
345 1335 421 1370 13111
440 1337 591 1382 propter
611 1332 812 1382 ἐπειδήπερ
831 1335 937 1381 illud,
964 1347 1037 1381 quo
1058 1335 1284 1381 glossatores
1304 1348 1390 1372 cau-

47 1397 126 1422 sam
145 1387 311 1423 addituri
331 1399 350 1424 a
371 1388 650 1424 mathematicis
670 1389 847 1424 omissam
865 1389 923 1423 uti
942 1388 1075 1434 solent,
1102 1388 1195 1423 satis
1215 1391 1390 1435 suspecta

49 1442 152 1485 sunt;
177 1451 328 1477 causam
349 1441 381 1477 si
398 1441 574 1478 Euclides
595 1442 731 1477 addere
751 1442 944 1487 uoluisset,
971 1442 1050 1477 sine
1070 1441 1196 1487 dubio,
1220 1443 1262 1477 ut
1281 1443 1388 1489 solet,

46 1493 311 1538 praemisisset.
348 1508 383 1541 p.
402 1499 479 1541 124,
495 1499 633 1539 147—15
659 1507 806 1541 quoque
825 1495 1127 1531 additamentum
1146 1494 1298 1531 δέδοται
1316 1497 1387 1543 γὰρ

44 1546 68 1591 ἡ
98 1547 171 1583 ὑπὸ
203 1551 312 1584 ΒΑΓ
344 1549 564 1595 glossatoris
602 1559 753 1594 operam
784 1549 839 1584 ita
872 1549 1034 1595 redolet,
1070 1550 1114 1584 ut
1146 1548 1241 1584 haec
1271 1550 1388 1586 uerba

41 1599 190 1636 Euclidi
213 1601 329 1638 tribui
353 1604 550 1648 nequeant.
597 1613 718 1647 neque
744 1602 855 1638 aliter
879 1603 1004 1638 iudico
1031 1603 1077 1638 de
1100 1615 1135 1648 p.
1159 1606 1238 1648 126,
1260 1607 1294 1648 3,
1320 1604 1387 1639 ubi

43 1652 108 1688 uix
132 1653 330 1699 quisquam
354 1655 659 1701 interpolatorem
683 1656 840 1702 negabit
865 1655 1091 1692 scholiastae
1110 1667 1262 1691 munere
1282 1657 1386 1692 func-

41 1707 123 1742 tum
148 1719 237 1745 esse.
286 1708 388 1744 idem
418 1708 493 1744 dici
524 1719 614 1745 sane
644 1709 734 1745 licet
763 1710 809 1745 de
840 1723 877 1756 p.
898 1714 977 1755 172,
1000 1713 1137 1744 15-16
1171 1710 1269 1756 ὀρθὴ
1302 1712 1384 1758 γάρ.

42 1762 152 1806 atque
177 1773 212 1807 p.
229 1765 307 1807 186,
323 1767 366 1797 12
393 1759 549 1809 ἑκατέρα
575 1762 649 1807 ἄρα
667 1769 740 1798 τῶν
762 1766 845 1809 ΗΖ,
867 1766 906 1798 H
910 1768 943 1798 Δ
969 1763 1129 1799 δοθεῖσά
1149 1763 1247 1800 ἐστιν
1272 1764 1385 1810 plane

41 1812 239 1858 inutiliter,
270 1826 317 1851 ne
343 1815 468 1851 dicam
491 1816 618 1862 inepte
643 1816 775 1852 addita
801 1819 898 1853 sunt.
947 1830 983 1863 p.
1005 1820 1085 1861 220,
1107 1821 1223 1852 8-10
1248 1817 1291 1862 13,
1318 1817 1384 1863 qui

41 1865 394 1904 demonstrationem
406 1869 565 1904 alteram
578 1869 694 1914 dedit,
713 1872 756 1905 ut
769 1882 868 1906 nunc
879 1870 974 1905 mihi
986 1870 1167 1916 persuasi,
1190 1870 1305 1905 etiam
1318 1871 1384 1906 καὶ

41 1917 216 1955 συνθέντι
229 1921 301 1966 ἄρα
313 1927 378 1957 τοῦ
395 1926 429 1957 Δ
441 1943 488 1948 -
500 1922 606 1967 λόγος
620 1919 695 1957 ἐστὶ
708 1924 840 1964 ὃοθείς
860 1923 1020 1969 scripsit,
1041 1925 1154 1968 atque
1167 1921 1231 1959 lin.
1242 1927 1262 1958 9
1277 1923 1384 1969 λόγος

40 1974 128 2008 ante
151 1973 353 2020 Theonem‚
385 1987 496 2021 quem
519 1975 655 2011 uitium
678 1975 794 2022 fugit,
826 1976 974 2011 librarii
1005 1987 1127 2011 errore
1152 1976 1382 2013 inculcatum

39 2027 106 2062 est.
156 2039 191 2073 p.
213 2031 291 2073 150,
310 2032 447 2064 21—22
481 2027 556 2064 ἔστι
581 2029 628 2064 δὲ
654 2029 719 2064 καὶ
744 2029 978 2075 ὀρθογώνιον
1006 2040 1115 2064 nemo
1141 2029 1290 2066 Euclidi
1315 2031 1380 2067 ad-

38 2077 220 2125 signabit3
251 2082 374 2116 utrum
398 2083 485 2117 ante
510 2082 699 2118 Theonem
732 2094 782 2118 311
811 2084 897 2128 post
921 2093 1007 2118 eum
1037 2082 1268 2128 interpolata
1293 2084 1380 2130 sint,

134 2198 168 2243 1)
186 2198 425 2244 Apollonium
445 2197 485 2236 ἐν
498 2205 547 2248 τῷ
560 2201 647 2246 περὶ
661 2201 822 2237 νεύσεων
843 2203 881 2237 et
900 2198 940 2237 ἐν
957 2207 1001 2248 τῇ
1021 2200 1187 2238 καθόλου
1207 2217 1379 2249 πραγμα-

19 2242 132 2292 -τείᾳ,
164 2245 228 2290 qui
257 2245 346 2282 libri
374 2247 580 2294 perierunt,
613 2249 869 2285 definitionem
901 2255 966 2284 τοῦ
992 2248 1197 2295 δεδομένου
1230 2251 1378 2286 dedisse

34 2291 196 2328 testatur
218 2293 384 2329 Marinus
407 2307 443 2341 p.
464 2299 543 2341 234,
566 2300 609 2331 15
623 2309 676 2340 sq.

102 2357 302 2395 Euclides,
321 2361 386 2387 edd.
406 2361 542 2395 Heiberg
561 2365 591 2388 et
610 2363 727 2395 Menge.
753 2363 806 2388 VI.
1139 2357 1162 2391 d
