<?xml version="1.0" encoding="UTF-8"?>
<!DOCTYPE html PUBLIC "-//W3C//DTD XHTML 1.0 Transitional//EN"
    "http://www.w3.org/TR/xhtml1/DTD/xhtml1-transitional.dtd">
<html xmlns="http://www.w3.org/1999/xhtml" xml:lang="en" lang="en">
 <head>
  <title>
</title>
<meta http-equiv="Content-Type" content="text/html;charset=utf-8" />
  <meta name='ocr-system' content='tesseract 3.04.00' />
  <meta name='ocr-capabilities' content='ocr_page ocr_carea ocr_par ocr_line ocrx_word'/>
</head>
<body>
  <div class='ocr_page' id='page_1' title='image "./euclidisoperaomn06eucluoft_0030.png"; bbox 0 0 1520 2508; ppageno 0'>
   <div class='ocr_carea' id='block_1_1' title="bbox 75 54 981 111">
    <p class='ocr_par' dir='ltr' id='par_1_1' title="bbox 75 54 981 111">
     <span class='ocr_line' id='line_1_1' title="bbox 75 54 981 111; baseline -0.002 0"><span class='ocrx_word' id='word_1_1' title='bbox 75 54 77 56; x_wconf 50' lang='grc'><strong><em>’</em></strong></span> <span class='ocrx_word' id='word_1_2' title='bbox 136 76 254 111; x_wconf 84' lang='lat' dir='ltr'>XXVI</span> <span class='ocrx_word' id='word_1_3' title='bbox 619 76 981 110; x_wconf 79' lang='lat' dir='ltr'><strong>PROLEGOMENA.</strong></span> 
     </span>
    </p>
   </div>
   <div class='ocr_carea' id='block_1_2' title="bbox 138 166 1454 214">
    <p class='ocr_par' dir='ltr' id='par_1_2' title="bbox 138 166 1454 214">
     <span class='ocr_line' id='line_1_2' title="bbox 138 166 1454 214; baseline -0.001 -11"><span class='ocrx_word' id='word_1_4' title='bbox 138 169 414 214; x_wconf 80' lang='lat' dir='ltr'>comprobatur:</span> <span class='ocrx_word' id='word_1_5' title='bbox 451 180 485 213; x_wconf 88' lang='lat' dir='ltr'>p.</span> <span class='ocrx_word' id='word_1_6' title='bbox 506 171 567 212; x_wconf 89' lang='lat'>32,</span> <span class='ocrx_word' id='word_1_7' title='bbox 589 170 631 203; x_wconf 99' lang='lat'>14</span> <span class='ocrx_word' id='word_1_8' title='bbox 656 167 695 202; x_wconf 89' lang='lat' dir='ltr'>in</span> <span class='ocrx_word' id='word_1_9' title='bbox 719 166 841 202; x_wconf 85' lang='lat' dir='ltr'>uerbis</span> <span class='ocrx_word' id='word_1_10' title='bbox 866 167 1099 212; x_wconf 69' lang='lat' dir='ltr'><strong>interpolatis</strong></span> <span class='ocrx_word' id='word_1_11' title='bbox 1127 168 1211 214; x_wconf 94' lang='lat' dir='ltr'>ZB]</span> <span class='ocrx_word' id='word_1_12' title='bbox 1237 168 1320 206; x_wconf 79' lang='lat' dir='ltr'><strong>Vat.</strong></span> <span class='ocrx_word' id='word_1_13' title='bbox 1346 180 1392 202; x_wconf 90' lang='lat' dir='ltr'>m.</span> <span class='ocrx_word' id='word_1_14' title='bbox 1420 171 1454 212; x_wconf 91' lang='lat'>2,</span> 
     </span>
    </p>
   </div>
   <div class='ocr_carea' id='block_1_3' title="bbox 138 222 1458 765">
    <p class='ocr_par' dir='ltr' id='par_1_3' title="bbox 182 231 201 247">
     <span class='ocr_line' id='line_1_3' title="bbox 182 231 201 247; baseline 0 0"><span class='ocrx_word' id='word_1_15' title='bbox 182 231 201 247; x_wconf 69' lang='lat'>11</span> 
     </span>
    </p>

    <p class='ocr_par' dir='ltr' id='par_1_4' title="bbox 138 222 1458 765">
     <span class='ocr_line' id='line_1_4' title="bbox 140 222 1455 300; baseline 0 -10"><span class='ocrx_word' id='word_1_16' title='bbox 140 222 207 290; x_wconf 53' lang='grc' dir='ltr'>ΕΖ</span> <span class='ocrx_word' id='word_1_17' title='bbox 233 259 287 300; x_wconf 88' lang='lat'>15,</span> <span class='ocrx_word' id='word_1_18' title='bbox 313 258 379 289; x_wconf 83' lang='grc' dir='ltr'>ΒΖ</span> <span class='ocrx_word' id='word_1_19' title='bbox 405 258 463 298; x_wconf 80' lang='grc'>16;</span> <span class='ocrx_word' id='word_1_20' title='bbox 495 266 529 299; x_wconf 88' lang='lat' dir='ltr'>p.</span> <span class='ocrx_word' id='word_1_21' title='bbox 552 258 627 298; x_wconf 79' lang='lat'>136,</span> <span class='ocrx_word' id='word_1_22' title='bbox 649 258 668 289; x_wconf 84' lang='lat'><strong>9</strong></span> <span class='ocrx_word' id='word_1_23' title='bbox 694 254 850 300; x_wconf 71' lang='grc' dir='ltr'><strong><em>γωνιῶν]</em></strong></span> <span class='ocrx_word' id='word_1_24' title='bbox 878 257 920 288; x_wconf 86' lang='lat'>15</span> <span class='ocrx_word' id='word_1_25' title='bbox 945 265 992 288; x_wconf 86' lang='lat' dir='ltr'>m.</span> <span class='ocrx_word' id='word_1_26' title='bbox 1014 257 1044 297; x_wconf 92' lang='lat'>1,</span> <span class='ocrx_word' id='word_1_27' title='bbox 1069 253 1152 288; x_wconf 76' lang='lat' dir='ltr'><strong>vat.</strong></span> <span class='ocrx_word' id='word_1_28' title='bbox 1171 266 1218 290; x_wconf 91' lang='lat' dir='ltr'>m.</span> <span class='ocrx_word' id='word_1_29' title='bbox 1239 259 1276 298; x_wconf 70' lang='lat'>23</span> <span class='ocrx_word' id='word_1_30' title='bbox 1301 260 1455 299; x_wconf 71' lang='grc' dir='ltr'>γωνιῶν,</span> 
     </span>
     <span class='ocr_line' id='line_1_5' title="bbox 139 306 1454 352; baseline -0.001 -10"><span class='ocrx_word' id='word_1_31' title='bbox 139 306 185 347; x_wconf 76' lang='grc' dir='ltr'>ἃς</span> <span class='ocrx_word' id='word_1_32' title='bbox 202 307 458 342; x_wconf 81' lang='grc' dir='ltr'><strong><em>ὑποτείνουσιν</em></strong></span> <span class='ocrx_word' id='word_1_33' title='bbox 478 310 520 340; x_wconf 98' lang='grc'>15</span> <span class='ocrx_word' id='word_1_34' title='bbox 539 318 586 342; x_wconf 84' lang='lat' dir='ltr'>m.</span> <span class='ocrx_word' id='word_1_35' title='bbox 607 311 639 351; x_wconf 91' lang='lat'>2,</span> <span class='ocrx_word' id='word_1_36' title='bbox 667 310 725 350; x_wconf 73' lang='grc'>16,</span> <span class='ocrx_word' id='word_1_37' title='bbox 751 319 785 352; x_wconf 89' lang='lat' dir='ltr'>p.</span> <span class='ocrx_word' id='word_1_38' title='bbox 808 310 885 350; x_wconf 88' lang='lat'>158,</span> <span class='ocrx_word' id='word_1_39' title='bbox 907 310 949 341; x_wconf 93' lang='grc'>10</span> <span class='ocrx_word' id='word_1_40' title='bbox 977 307 1060 352; x_wconf 88' lang='grc' dir='ltr'>ΖΘ]</span> <span class='ocrx_word' id='word_1_41' title='bbox 1087 308 1156 342; x_wconf 88' lang='grc' dir='ltr'>ΘΖ</span> <span class='ocrx_word' id='word_1_42' title='bbox 1182 310 1235 351; x_wconf 85' lang='grc'>15,</span> <span class='ocrx_word' id='word_1_43' title='bbox 1260 306 1343 342; x_wconf 86' lang='lat' dir='ltr'><strong>Vat.</strong></span> <span class='ocrx_word' id='word_1_44' title='bbox 1361 318 1407 341; x_wconf 95' lang='grc'>111.</span> <span class='ocrx_word' id='word_1_45' title='bbox 1423 310 1454 341; x_wconf 87' lang='lat'>2.</span> 
     </span>
     <span class='ocr_line' id='line_1_6' title="bbox 138 357 1455 404; baseline 0 -11"><span class='ocrx_word' id='word_1_46' title='bbox 138 370 257 403; x_wconf 89' lang='lat' dir='ltr'>neque</span> <span class='ocrx_word' id='word_1_47' title='bbox 283 359 423 403; x_wconf 85' lang='lat' dir='ltr'>obstat,</span> <span class='ocrx_word' id='word_1_48' title='bbox 461 358 559 403; x_wconf 89' lang='lat' dir='ltr'>quod</span> <span class='ocrx_word' id='word_1_49' title='bbox 589 371 623 404; x_wconf 87' lang='lat' dir='ltr'>p.</span> <span class='ocrx_word' id='word_1_50' title='bbox 645 362 682 403; x_wconf 87' lang='lat'>6,</span> <span class='ocrx_word' id='word_1_51' title='bbox 709 362 729 393; x_wconf 79' lang='lat'>9</span> <span class='ocrx_word' id='word_1_52' title='bbox 755 359 868 393; x_wconf 82' lang='lat' dir='ltr'>uerba</span> <span class='ocrx_word' id='word_1_53' title='bbox 893 357 980 402; x_wconf 79' lang='grc' dir='ltr'><strong><em>ὅπερ</em></strong></span> <span class='ocrx_word' id='word_1_54' title='bbox 1007 358 1081 393; x_wconf 77' lang='grc' dir='ltr'><strong><em>ἔδει</em></strong></span> <span class='ocrx_word' id='word_1_55' title='bbox 1105 359 1221 400; x_wconf 82' lang='grc' dir='ltr'><strong><em>δεῖξαι</em></strong></span> <span class='ocrx_word' id='word_1_56' title='bbox 1244 359 1283 393; x_wconf 92' lang='lat' dir='ltr'>in</span> <span class='ocrx_word' id='word_1_57' title='bbox 1307 358 1384 394; x_wconf 87' lang='lat' dir='ltr'><strong>eod.</strong></span> <span class='ocrx_word' id='word_1_58' title='bbox 1413 362 1455 393; x_wconf 88' lang='lat'>15</span> 
     </span>
     <span class='ocr_line' id='line_1_7' title="bbox 140 409 1456 455; baseline -0.001 -10"><span class='ocrx_word' id='word_1_59' title='bbox 140 411 291 454; x_wconf 70' lang='lat' dir='ltr'>desunt,</span> <span class='ocrx_word' id='word_1_60' title='bbox 328 410 471 445; x_wconf 85' lang='lat' dir='ltr'>librarii</span> <span class='ocrx_word' id='word_1_61' title='bbox 501 410 599 445; x_wconf 87' lang='lat' dir='ltr'>enim</span> <span class='ocrx_word' id='word_1_62' title='bbox 631 410 708 445; x_wconf 86' lang='lat' dir='ltr'><strong>cod.</strong></span> <span class='ocrx_word' id='word_1_63' title='bbox 742 414 784 445; x_wconf 87' lang='lat'>16</span> <span class='ocrx_word' id='word_1_64' title='bbox 822 412 860 445; x_wconf 87' lang='lat' dir='ltr'>et</span> <span class='ocrx_word' id='word_1_65' title='bbox 892 421 938 444; x_wconf 87' lang='lat' dir='ltr'>m.</span> <span class='ocrx_word' id='word_1_66' title='bbox 965 413 986 443; x_wconf 83' lang='lat'>2</span> <span class='ocrx_word' id='word_1_67' title='bbox 1010 409 1093 444; x_wconf 85' lang='lat' dir='ltr'><strong>Vat.</strong></span> <span class='ocrx_word' id='word_1_68' title='bbox 1125 420 1169 444; x_wconf 87' lang='lat' dir='ltr'>ea</span> <span class='ocrx_word' id='word_1_69' title='bbox 1203 421 1267 445; x_wconf 85' lang='lat' dir='ltr'>suo</span> <span class='ocrx_word' id='word_1_70' title='bbox 1303 411 1456 455; x_wconf 85' lang='lat' dir='ltr'>uterque</span> 
     </span>
     <span class='ocr_line' id='line_1_8' title="bbox 140 460 1458 508; baseline 0 -12"><span class='ocrx_word' id='word_1_71' title='bbox 140 462 259 497; x_wconf 86' lang='lat' dir='ltr'>Marte</span> <span class='ocrx_word' id='word_1_72' title='bbox 291 462 463 497; x_wconf 88' lang='lat' dir='ltr'>uidentur</span> <span class='ocrx_word' id='word_1_73' title='bbox 487 463 684 498; x_wconf 83' lang='lat' dir='ltr'><strong>addidisse.</strong></span> <span class='ocrx_word' id='word_1_74' title='bbox 733 475 767 508; x_wconf 90' lang='lat' dir='ltr'>p.</span> <span class='ocrx_word' id='word_1_75' title='bbox 789 467 826 507; x_wconf 92' lang='lat'>2,</span> <span class='ocrx_word' id='word_1_76' title='bbox 847 466 889 497; x_wconf 95' lang='grc'>19</span> <span class='ocrx_word' id='word_1_77' title='bbox 915 460 956 496; x_wconf 86' lang='grc' dir='ltr'><strong><em>δέ</em></strong></span> <span class='ocrx_word' id='word_1_78' title='bbox 980 461 1018 496; x_wconf 85' lang='lat' dir='ltr'>in</span> <span class='ocrx_word' id='word_1_79' title='bbox 1042 462 1120 497; x_wconf 84' lang='lat' dir='ltr'><strong>eod.</strong></span> <span class='ocrx_word' id='word_1_80' title='bbox 1140 465 1183 496; x_wconf 89' lang='lat'>15</span> <span class='ocrx_word' id='word_1_81' title='bbox 1215 461 1389 497; x_wconf 83' lang='lat' dir='ltr'>omissum</span> <span class='ocrx_word' id='word_1_82' title='bbox 1418 461 1458 496; x_wconf 89' lang='lat' dir='ltr'>in</span> 
     </span>
     <span class='ocr_line' id='line_1_9' title="bbox 141 513 1455 559; baseline 0 -11"><span class='ocrx_word' id='word_1_83' title='bbox 141 515 218 549; x_wconf 87' lang='lat' dir='ltr'><strong>cod.</strong></span> <span class='ocrx_word' id='word_1_84' title='bbox 241 519 283 550; x_wconf 83' lang='lat'>16</span> <span class='ocrx_word' id='word_1_85' title='bbox 309 514 464 550; x_wconf 85' lang='lat' dir='ltr'>fortasse</span> <span class='ocrx_word' id='word_1_86' title='bbox 488 515 656 550; x_wconf 86' lang='lat' dir='ltr'>Bessario</span> <span class='ocrx_word' id='word_1_87' title='bbox 683 515 731 550; x_wconf 88' lang='lat' dir='ltr'>ad</span> <span class='ocrx_word' id='word_1_88' title='bbox 754 514 820 551; x_wconf 91' lang='lat' dir='ltr'>lin.</span> <span class='ocrx_word' id='word_1_89' title='bbox 840 518 881 549; x_wconf 95' lang='grc'>17</span> <span class='ocrx_word' id='word_1_90' title='bbox 906 513 1104 559; x_wconf 76' lang='lat' dir='ltr'>respic-:iens</span> <span class='ocrx_word' id='word_1_91' title='bbox 1131 514 1326 559; x_wconf 85' lang='lat' dir='ltr'>suppleuit.</span> <span class='ocrx_word' id='word_1_92' title='bbox 1367 526 1415 550; x_wconf 86' lang='lat' dir='ltr'>m.</span> <span class='ocrx_word' id='word_1_93' title='bbox 1435 518 1455 548; x_wconf 93' lang='lat'>2</span> 
     </span>
     <span class='ocr_line' id='line_1_10' title="bbox 140 565 1457 612; baseline 0.001 -12"><span class='ocrx_word' id='word_1_94' title='bbox 140 566 224 601; x_wconf 89' lang='lat' dir='ltr'><strong>Vat.</strong></span> <span class='ocrx_word' id='word_1_95' title='bbox 245 566 284 601; x_wconf 90' lang='lat' dir='ltr'>in</span> <span class='ocrx_word' id='word_1_96' title='bbox 307 567 571 602; x_wconf 73' lang='lat' dir='ltr'>transferendis</span> <span class='ocrx_word' id='word_1_97' title='bbox 596 566 942 612; x_wconf 83' lang='lat' dir='ltr'>interpolationibus</span> <span class='ocrx_word' id='word_1_98' title='bbox 967 565 1103 601; x_wconf 86' lang='lat' dir='ltr'>codicis</span> <span class='ocrx_word' id='word_1_99' title='bbox 1124 570 1166 601; x_wconf 88' lang='lat'>15</span> <span class='ocrx_word' id='word_1_100' title='bbox 1190 566 1367 601; x_wconf 87' lang='lat' dir='ltr'>nonnulla</span> <span class='ocrx_word' id='word_1_101' title='bbox 1391 567 1457 601; x_wconf 87' lang='lat' dir='ltr'>ad-</span> 
     </span>
     <span class='ocr_line' id='line_1_11' title="bbox 142 616 1457 664; baseline 0 -11"><span class='ocrx_word' id='word_1_102' title='bbox 142 618 259 662; x_wconf 86' lang='lat' dir='ltr'>didit,</span> <span class='ocrx_word' id='word_1_103' title='bbox 289 619 364 654; x_wconf 90' lang='lat' dir='ltr'>alia</span> <span class='ocrx_word' id='word_1_104' title='bbox 389 619 529 663; x_wconf 84' lang='lat' dir='ltr'>omisit3</span> <span class='ocrx_word' id='word_1_105' title='bbox 566 631 600 654; x_wconf 93' lang='lat' dir='ltr'>u.</span> <span class='ocrx_word' id='word_1_106' title='bbox 626 632 661 664; x_wconf 90' lang='lat' dir='ltr'>p.</span> <span class='ocrx_word' id='word_1_107' title='bbox 690 623 766 663; x_wconf 84' lang='lat'>124,</span> <span class='ocrx_word' id='word_1_108' title='bbox 795 623 837 654; x_wconf 86' lang='grc'>14</span> <span class='ocrx_word' id='word_1_109' title='bbox 863 617 1014 662; x_wconf 77' lang='grc' dir='ltr'><strong><em>ἑκατέρα</em></strong></span> <span class='ocrx_word' id='word_1_110' title='bbox 1039 616 1130 663; x_wconf 80' lang='grc' dir='ltr'><strong><em>γάρ]</em></strong></span> <span class='ocrx_word' id='word_1_111' title='bbox 1160 621 1219 662; x_wconf 85' lang='grc'>15,</span> <span class='ocrx_word' id='word_1_112' title='bbox 1246 621 1305 662; x_wconf 88' lang='grc'>16,</span> <span class='ocrx_word' id='word_1_113' title='bbox 1350 617 1399 653; x_wconf 82' lang='grc' dir='ltr'>ἑκ.</span> <span class='ocrx_word' id='word_1_114' title='bbox 1425 631 1457 663; x_wconf 88' lang='grc' dir='ltr'>γ.</span> 
     </span>
     <span class='ocr_line' id='line_1_12' title="bbox 140 669 1457 717; baseline -0.002 -11"><span class='ocrx_word' id='word_1_115' title='bbox 140 672 285 707; x_wconf 80' lang='grc' dir='ltr'><strong><em>αὐτῶν</em></strong></span> <span class='ocrx_word' id='word_1_116' title='bbox 317 671 400 706; x_wconf 79' lang='lat' dir='ltr'><strong>Vat.</strong></span> <span class='ocrx_word' id='word_1_117' title='bbox 426 683 472 706; x_wconf 89' lang='lat' dir='ltr'>m.</span> <span class='ocrx_word' id='word_1_118' title='bbox 499 675 537 715; x_wconf 77' lang='lat'>23</span> <span class='ocrx_word' id='word_1_119' title='bbox 578 684 614 717; x_wconf 88' lang='lat' dir='ltr'>p.</span> <span class='ocrx_word' id='word_1_120' title='bbox 642 675 725 716; x_wconf 87' lang='grc'>138,</span> <span class='ocrx_word' id='word_1_121' title='bbox 750 674 938 715; x_wconf 80' lang='grc'>24-140,</span> <span class='ocrx_word' id='word_1_122' title='bbox 963 675 985 705; x_wconf 87' lang='lat'>4</span> <span class='ocrx_word' id='word_1_123' title='bbox 1016 670 1079 705; x_wconf 79' lang='grc' dir='ltr'>καὶ</span> <span class='ocrx_word' id='word_1_124' title='bbox 1112 669 1283 716; x_wconf 79' lang='grc' dir='ltr'><strong><em>ἐναλλάξ]</em></strong></span> <span class='ocrx_word' id='word_1_125' title='bbox 1317 674 1375 714; x_wconf 88' lang='lat'>15,</span> <span class='ocrx_word' id='word_1_126' title='bbox 1403 674 1457 715; x_wconf 88' lang='lat'>16,</span> 
     </span>
     <span class='ocr_line' id='line_1_13' title="bbox 142 722 528 765; baseline 0 -7"><span class='ocrx_word' id='word_1_127' title='bbox 142 722 295 765; x_wconf 80' lang='grc' dir='ltr'><strong><em>ἐναλλάξ</em></strong></span> <span class='ocrx_word' id='word_1_128' title='bbox 321 724 405 758; x_wconf 74' lang='lat' dir='ltr'><strong>Vat.</strong></span> <span class='ocrx_word' id='word_1_129' title='bbox 431 736 477 758; x_wconf 94' lang='lat' dir='ltr'>m.</span> <span class='ocrx_word' id='word_1_130' title='bbox 498 728 528 758; x_wconf 90' lang='grc'>2.</span> 
     </span>
    </p>
   </div>
   <div class='ocr_carea' id='block_1_4' title="bbox 138 778 1462 2300">
    <p class='ocr_par' dir='ltr' id='par_1_5' title="bbox 138 778 1462 2300">
     <span class='ocr_line' id='line_1_14' title="bbox 235 778 1458 827; baseline -0.002 -11"><span class='ocrx_word' id='word_1_131' title='bbox 235 782 313 816; x_wconf 86' lang='lat' dir='ltr'><strong>cod.</strong></span> <span class='ocrx_word' id='word_1_132' title='bbox 342 785 385 816; x_wconf 84' lang='lat'>28</span> <span class='ocrx_word' id='word_1_133' title='bbox 417 793 499 816; x_wconf 87' lang='lat' dir='ltr'>cum</span> <span class='ocrx_word' id='word_1_134' title='bbox 523 795 557 827; x_wconf 88' lang='lat' dir='ltr'>p.</span> <span class='ocrx_word' id='word_1_135' title='bbox 578 786 616 827; x_wconf 90' lang='lat'>4,</span> <span class='ocrx_word' id='word_1_136' title='bbox 639 786 657 816; x_wconf 90' lang='grc'>7</span> <span class='ocrx_word' id='word_1_137' title='bbox 682 793 747 827; x_wconf 89' lang='lat' dir='ltr'>pro</span> <span class='ocrx_word' id='word_1_138' title='bbox 772 787 836 816; x_wconf 84' lang='grc' dir='ltr'>τοῦ</span> <span class='ocrx_word' id='word_1_139' title='bbox 861 778 1039 820; x_wconf 74' lang='grc' dir='ltr'><strong><em>δοθέντος</em></strong></span> <span class='ocrx_word' id='word_1_140' title='bbox 1068 780 1244 825; x_wconf 85' lang='lat' dir='ltr'>praebeat</span> <span class='ocrx_word' id='word_1_141' title='bbox 1267 786 1331 815; x_wconf 88' lang='grc' dir='ltr'>τοῦ</span> <span class='ocrx_word' id='word_1_142' title='bbox 1357 778 1458 815; x_wconf 79' lang='grc' dir='ltr'><strong><em>ἐλάσ-</em></strong></span> 
     </span>
     <span class='ocr_line' id='line_1_15' title="bbox 140 831 1459 880; baseline -0.002 -11"><span class='ocrx_word' id='word_1_143' title='bbox 140 845 249 875; x_wconf 85' lang='grc' dir='ltr'><strong><em>σονος</em></strong></span> <span class='ocrx_word' id='word_1_144' title='bbox 274 836 351 879; x_wconf 82' lang='grc' dir='ltr'><strong><em>(τοῦ</em></strong></span> <span class='ocrx_word' id='word_1_145' title='bbox 377 833 555 875; x_wconf 79' lang='grc' dir='ltr'><strong><em>δοθέντος</em></strong></span> <span class='ocrx_word' id='word_1_146' title='bbox 579 836 719 880; x_wconf 81' lang='lat' dir='ltr'>supra),</span> <span class='ocrx_word' id='word_1_147' title='bbox 749 834 907 880; x_wconf 87' lang='lat' dir='ltr'>pendere</span> <span class='ocrx_word' id='word_1_148' title='bbox 930 832 1109 878; x_wconf 85' lang='lat' dir='ltr'>reperitur</span> <span class='ocrx_word' id='word_1_149' title='bbox 1134 843 1153 867; x_wconf 88' lang='lat' dir='ltr'>e</span> <span class='ocrx_word' id='word_1_150' title='bbox 1178 831 1255 867; x_wconf 87' lang='lat' dir='ltr'><strong>cod.</strong></span> <span class='ocrx_word' id='word_1_151' title='bbox 1283 835 1344 876; x_wconf 93' lang='lat'>15,</span> <span class='ocrx_word' id='word_1_152' title='bbox 1370 843 1459 876; x_wconf 87' lang='lat' dir='ltr'>quo-</span> 
     </span>
     <span class='ocr_line' id='line_1_16' title="bbox 140 883 1460 931; baseline -0.002 -10"><span class='ocrx_word' id='word_1_153' title='bbox 140 898 224 921; x_wconf 77' lang='lat' dir='ltr'>cum</span> <span class='ocrx_word' id='word_1_154' title='bbox 254 898 288 931; x_wconf 91' lang='lat' dir='ltr'>p.</span> <span class='ocrx_word' id='word_1_155' title='bbox 319 890 379 931; x_wconf 91' lang='lat'>14,</span> <span class='ocrx_word' id='word_1_156' title='bbox 406 891 448 921; x_wconf 87' lang='grc'>16</span> <span class='ocrx_word' id='word_1_157' title='bbox 482 886 595 927; x_wconf 74' lang='grc' dir='ltr'><strong><em>οὕτως</em></strong></span> <span class='ocrx_word' id='word_1_158' title='bbox 626 886 772 922; x_wconf 87' lang='lat' dir='ltr'>omittit.</span> <span class='ocrx_word' id='word_1_159' title='bbox 821 886 920 920; x_wconf 88' lang='lat' dir='ltr'>idem</span> <span class='ocrx_word' id='word_1_160' title='bbox 950 885 1105 919; x_wconf 87' lang='lat' dir='ltr'>fortasse</span> <span class='ocrx_word' id='word_1_161' title='bbox 1136 884 1181 918; x_wconf 83' lang='lat' dir='ltr'>de</span> <span class='ocrx_word' id='word_1_162' title='bbox 1211 884 1290 919; x_wconf 82' lang='lat' dir='ltr'><strong>cod.</strong></span> <span class='ocrx_word' id='word_1_163' title='bbox 1311 887 1354 918; x_wconf 83' lang='lat'>27</span> <span class='ocrx_word' id='word_1_164' title='bbox 1386 883 1460 920; x_wconf 84' lang='lat' dir='ltr'>diei</span> 
     </span>
     <span class='ocr_line' id='line_1_17' title="bbox 139 936 1459 984; baseline -0.002 -12"><span class='ocrx_word' id='word_1_165' title='bbox 139 938 245 982; x_wconf 72' lang='lat' dir='ltr'>licet,</span> <span class='ocrx_word' id='word_1_166' title='bbox 282 950 368 973; x_wconf 82' lang='lat' dir='ltr'>nam</span> <span class='ocrx_word' id='word_1_167' title='bbox 399 939 477 984; x_wconf 90' lang='lat' dir='ltr'>ipse</span> <span class='ocrx_word' id='word_1_168' title='bbox 508 950 652 983; x_wconf 88' lang='lat' dir='ltr'>quoque</span> <span class='ocrx_word' id='word_1_169' title='bbox 682 938 777 973; x_wconf 92' lang='lat' dir='ltr'>illud</span> <span class='ocrx_word' id='word_1_170' title='bbox 812 937 925 978; x_wconf 75' lang='grc' dir='ltr'><strong><em>οὕτως</em></strong></span> <span class='ocrx_word' id='word_1_171' title='bbox 961 936 1114 980; x_wconf 86' lang='lat' dir='ltr'>omittit,</span> <span class='ocrx_word' id='word_1_172' title='bbox 1151 938 1342 981; x_wconf 86' lang='lat' dir='ltr'>praeterea</span> <span class='ocrx_word' id='word_1_173' title='bbox 1377 947 1459 971; x_wconf 85' lang='lat' dir='ltr'>eum</span> 
     </span>
     <span class='ocr_line' id='line_1_18' title="bbox 142 988 1460 1036; baseline -0.003 -10"><span class='ocrx_word' id='word_1_174' title='bbox 142 991 220 1026; x_wconf 87' lang='lat' dir='ltr'><strong>cod.</strong></span> <span class='ocrx_word' id='word_1_175' title='bbox 243 995 286 1026; x_wconf 92' lang='grc'>15</span> <span class='ocrx_word' id='word_1_176' title='bbox 312 1004 346 1036; x_wconf 92' lang='lat' dir='ltr'>p.</span> <span class='ocrx_word' id='word_1_177' title='bbox 364 995 440 1036; x_wconf 88' lang='grc'>126,</span> <span class='ocrx_word' id='word_1_178' title='bbox 461 996 504 1026; x_wconf 93' lang='grc'>21</span> <span class='ocrx_word' id='word_1_179' title='bbox 530 991 621 1035; x_wconf 81' lang='grc' dir='ltr'><strong><em>πρός</em></strong></span> <span class='ocrx_word' id='word_1_180' title='bbox 646 990 782 1026; x_wconf 84' lang='lat' dir='ltr'>codicis</span> <span class='ocrx_word' id='word_1_181' title='bbox 800 990 902 1034; x_wconf 82' lang='lat' dir='ltr'><strong>Vat.;</strong></span> <span class='ocrx_word' id='word_1_182' title='bbox 927 989 1061 1033; x_wconf 79' lang='lat' dir='ltr'>obstat,</span> <span class='ocrx_word' id='word_1_183' title='bbox 1087 989 1185 1033; x_wconf 87' lang='lat' dir='ltr'>quod</span> <span class='ocrx_word' id='word_1_184' title='bbox 1202 998 1237 1033; x_wconf 89' lang='lat' dir='ltr'>p.</span> <span class='ocrx_word' id='word_1_185' title='bbox 1252 991 1284 1032; x_wconf 90' lang='grc'>4,</span> <span class='ocrx_word' id='word_1_186' title='bbox 1303 992 1322 1023; x_wconf 93' lang='grc'>7</span> <span class='ocrx_word' id='word_1_187' title='bbox 1347 988 1460 1023; x_wconf 83' lang='lat' dir='ltr'>habet</span> 
     </span>
     <span class='ocr_line' id='line_1_19' title="bbox 138 1042 421 1084; baseline 0 -6"><span class='ocrx_word' id='word_1_188' title='bbox 138 1049 206 1078; x_wconf 86' lang='grc' dir='ltr'>τοῦ</span> <span class='ocrx_word' id='word_1_189' title='bbox 231 1042 421 1084; x_wconf 82' lang='grc' dir='ltr'><strong><em>δοθέντος.</em></strong></span> 
     </span>
     <span class='ocr_line' id='line_1_20' title="bbox 239 1092 1460 1139; baseline -0.002 -10"><span class='ocrx_word' id='word_1_190' title='bbox 239 1095 316 1130; x_wconf 86' lang='lat' dir='ltr'><strong>cod.</strong></span> <span class='ocrx_word' id='word_1_191' title='bbox 345 1099 387 1128; x_wconf 91' lang='grc'>22</span> <span class='ocrx_word' id='word_1_192' title='bbox 420 1105 439 1129; x_wconf 91' lang='lat' dir='ltr'>e</span> <span class='ocrx_word' id='word_1_193' title='bbox 465 1095 544 1129; x_wconf 86' lang='lat' dir='ltr'><strong>eod.</strong></span> <span class='ocrx_word' id='word_1_194' title='bbox 566 1098 608 1128; x_wconf 83' lang='lat'>15</span> <span class='ocrx_word' id='word_1_195' title='bbox 638 1094 797 1139; x_wconf 86' lang='lat' dir='ltr'>pendere</span> <span class='ocrx_word' id='word_1_196' title='bbox 825 1105 899 1128; x_wconf 90' lang='lat' dir='ltr'>non</span> <span class='ocrx_word' id='word_1_197' title='bbox 928 1094 1052 1138; x_wconf 84' lang='lat' dir='ltr'>potest</span> <span class='ocrx_word' id='word_1_198' title='bbox 1082 1104 1124 1127; x_wconf 85' lang='lat' dir='ltr'>ac</span> <span class='ocrx_word' id='word_1_199' title='bbox 1154 1093 1276 1137; x_wconf 85' lang='lat' dir='ltr'>potius</span> <span class='ocrx_word' id='word_1_200' title='bbox 1306 1103 1350 1127; x_wconf 83' lang='lat' dir='ltr'>ex</span> <span class='ocrx_word' id='word_1_201' title='bbox 1380 1092 1460 1137; x_wconf 89' lang='lat' dir='ltr'>ipso</span> 
     </span>
     <span class='ocr_line' id='line_1_21' title="bbox 141 1142 1460 1192; baseline -0.003 -10"><span class='ocrx_word' id='word_1_202' title='bbox 141 1147 222 1183; x_wconf 81' lang='lat' dir='ltr'><strong>cod.</strong></span> <span class='ocrx_word' id='word_1_203' title='bbox 243 1147 327 1182; x_wconf 85' lang='lat' dir='ltr'><strong>Vat.</strong></span> <span class='ocrx_word' id='word_1_204' title='bbox 355 1147 576 1192; x_wconf 86' lang='lat' dir='ltr'>interpolato</span> <span class='ocrx_word' id='word_1_205' title='bbox 602 1146 807 1191; x_wconf 86' lang='lat' dir='ltr'>descriptus</span> <span class='ocrx_word' id='word_1_206' title='bbox 833 1149 905 1188; x_wconf 80' lang='lat' dir='ltr'>est3</span> <span class='ocrx_word' id='word_1_207' title='bbox 939 1145 1000 1180; x_wconf 85' lang='lat' dir='ltr'><strong>cfr.</strong></span> <span class='ocrx_word' id='word_1_208' title='bbox 1026 1157 1060 1190; x_wconf 92' lang='lat' dir='ltr'>p.</span> <span class='ocrx_word' id='word_1_209' title='bbox 1082 1148 1113 1188; x_wconf 90' lang='grc'>2,</span> <span class='ocrx_word' id='word_1_210' title='bbox 1135 1148 1176 1179; x_wconf 88' lang='grc'>19</span> <span class='ocrx_word' id='word_1_211' title='bbox 1202 1142 1259 1190; x_wconf 87' lang='grc' dir='ltr'><strong><em>δέ]</em></strong></span> <span class='ocrx_word' id='word_1_212' title='bbox 1283 1144 1379 1188; x_wconf 64' lang='lat' dir='ltr'>Vat„</span> <span class='ocrx_word' id='word_1_213' title='bbox 1405 1148 1460 1188; x_wconf 92' lang='grc'>22,</span> 
     </span>
     <span class='ocr_line' id='line_1_22' title="bbox 141 1195 1460 1245; baseline -0.004 -10"><span class='ocrx_word' id='word_1_214' title='bbox 141 1212 211 1236; x_wconf 92' lang='lat' dir='ltr'>om.</span> <span class='ocrx_word' id='word_1_215' title='bbox 228 1203 287 1244; x_wconf 82' lang='lat'>153</span> <span class='ocrx_word' id='word_1_216' title='bbox 313 1212 347 1244; x_wconf 87' lang='lat' dir='ltr'>p.</span> <span class='ocrx_word' id='word_1_217' title='bbox 372 1205 403 1244; x_wconf 82' lang='lat'>4,</span> <span class='ocrx_word' id='word_1_218' title='bbox 426 1203 443 1234; x_wconf 96' lang='grc'>7</span> <span class='ocrx_word' id='word_1_219' title='bbox 463 1205 527 1235; x_wconf 84' lang='grc' dir='ltr'>τοῦ</span> <span class='ocrx_word' id='word_1_220' title='bbox 547 1197 742 1245; x_wconf 79' lang='grc' dir='ltr'><strong><em>δοθέντος]</em></strong></span> <span class='ocrx_word' id='word_1_221' title='bbox 762 1199 858 1242; x_wconf 88' lang='lat' dir='ltr'>Vat.,</span> <span class='ocrx_word' id='word_1_222' title='bbox 883 1201 938 1242; x_wconf 89' lang='grc'>22,</span> <span class='ocrx_word' id='word_1_223' title='bbox 963 1202 1027 1232; x_wconf 81' lang='grc' dir='ltr'>τοῦ</span> <span class='ocrx_word' id='word_1_224' title='bbox 1047 1195 1239 1236; x_wconf 73' lang='grc' dir='ltr'><strong><em>ἐλάσσονος</em></strong></span> <span class='ocrx_word' id='word_1_225' title='bbox 1258 1199 1316 1240; x_wconf 76' lang='lat'>153</span> <span class='ocrx_word' id='word_1_226' title='bbox 1341 1208 1375 1241; x_wconf 87' lang='lat' dir='ltr'>p.</span> <span class='ocrx_word' id='word_1_227' title='bbox 1390 1199 1422 1240; x_wconf 90' lang='grc'>6,</span> <span class='ocrx_word' id='word_1_228' title='bbox 1440 1199 1460 1230; x_wconf 92' lang='grc'>9</span> 
     </span>
     <span class='ocr_line' id='line_1_23' title="bbox 141 1247 1460 1296; baseline -0.004 -9"><span class='ocrx_word' id='word_1_229' title='bbox 141 1253 227 1287; x_wconf 82' lang='lat' dir='ltr'><strong>add.</strong></span> <span class='ocrx_word' id='word_1_230' title='bbox 248 1252 336 1296; x_wconf 79' lang='grc' dir='ltr'><strong><em>ὅπερ</em></strong></span> <span class='ocrx_word' id='word_1_231' title='bbox 358 1251 432 1287; x_wconf 82' lang='grc' dir='ltr'><strong><em>ἔδει</em></strong></span> <span class='ocrx_word' id='word_1_232' title='bbox 450 1252 568 1293; x_wconf 82' lang='grc' dir='ltr'><strong><em>δεῖξαι</em></strong></span> <span class='ocrx_word' id='word_1_233' title='bbox 580 1251 663 1286; x_wconf 84' lang='lat' dir='ltr'><strong>Vat.</strong></span> <span class='ocrx_word' id='word_1_234' title='bbox 679 1263 724 1286; x_wconf 91' lang='lat' dir='ltr'>m.</span> <span class='ocrx_word' id='word_1_235' title='bbox 740 1255 772 1294; x_wconf 88' lang='lat'>2,</span> <span class='ocrx_word' id='word_1_236' title='bbox 786 1254 840 1293; x_wconf 84' lang='lat'>22,</span> <span class='ocrx_word' id='word_1_237' title='bbox 867 1261 935 1284; x_wconf 90' lang='lat' dir='ltr'>om.</span> <span class='ocrx_word' id='word_1_238' title='bbox 953 1253 1012 1292; x_wconf 74' lang='lat'>153</span> <span class='ocrx_word' id='word_1_239' title='bbox 1036 1262 1070 1294; x_wconf 91' lang='lat' dir='ltr'>p.</span> <span class='ocrx_word' id='word_1_240' title='bbox 1087 1253 1140 1293; x_wconf 87' lang='lat'>14,</span> <span class='ocrx_word' id='word_1_241' title='bbox 1156 1253 1198 1283; x_wconf 92' lang='lat'>16</span> <span class='ocrx_word' id='word_1_242' title='bbox 1219 1247 1345 1294; x_wconf 72' lang='grc' dir='ltr'><strong><em>οὕτως]</em></strong></span> <span class='ocrx_word' id='word_1_243' title='bbox 1365 1249 1460 1293; x_wconf 86' lang='lat' dir='ltr'>Vat.,</span> 
     </span>
     <span class='ocr_line' id='line_1_24' title="bbox 143 1300 1459 1350; baseline -0.003 -10"><span class='ocrx_word' id='word_1_244' title='bbox 143 1310 199 1350; x_wconf 90' lang='lat'>22,</span> <span class='ocrx_word' id='word_1_245' title='bbox 225 1316 294 1340; x_wconf 87' lang='lat' dir='ltr'><strong>om.</strong></span> <span class='ocrx_word' id='word_1_246' title='bbox 317 1308 377 1348; x_wconf 82' lang='lat'>153</span> <span class='ocrx_word' id='word_1_247' title='bbox 414 1304 453 1338; x_wconf 91' lang='lat' dir='ltr'>in</span> <span class='ocrx_word' id='word_1_248' title='bbox 477 1303 600 1338; x_wconf 84' lang='lat' dir='ltr'>uerbis</span> <span class='ocrx_word' id='word_1_249' title='bbox 626 1302 875 1348; x_wconf 79' lang='lat' dir='ltr'>interpolatis:</span> <span class='ocrx_word' id='word_1_250' title='bbox 901 1313 935 1346; x_wconf 89' lang='lat' dir='ltr'>p.</span> <span class='ocrx_word' id='word_1_251' title='bbox 957 1305 1034 1345; x_wconf 88' lang='lat'>124,</span> <span class='ocrx_word' id='word_1_252' title='bbox 1056 1304 1098 1336; x_wconf 91' lang='grc'>14</span> <span class='ocrx_word' id='word_1_253' title='bbox 1128 1300 1195 1346; x_wconf 80' lang='grc' dir='ltr'>γὰρ</span> <span class='ocrx_word' id='word_1_254' title='bbox 1215 1301 1350 1346; x_wconf 81' lang='grc' dir='ltr'><strong><em>αὐτῶν]</em></strong></span> <span class='ocrx_word' id='word_1_255' title='bbox 1375 1301 1459 1336; x_wconf 85' lang='lat' dir='ltr'><strong>Vat.</strong></span> 
     </span>
     <span class='ocr_line' id='line_1_25' title="bbox 141 1351 1462 1402; baseline -0.005 -10"><span class='ocrx_word' id='word_1_256' title='bbox 141 1370 189 1392; x_wconf 89' lang='lat' dir='ltr'>m.</span> <span class='ocrx_word' id='word_1_257' title='bbox 211 1361 248 1401; x_wconf 90' lang='lat'>2,</span> <span class='ocrx_word' id='word_1_258' title='bbox 280 1361 340 1401; x_wconf 89' lang='lat'>22,</span> <span class='ocrx_word' id='word_1_259' title='bbox 373 1355 441 1402; x_wconf 77' lang='grc' dir='ltr'>γάρ</span> <span class='ocrx_word' id='word_1_260' title='bbox 469 1359 522 1390; x_wconf 91' lang='grc'>15.</span> <span class='ocrx_word' id='word_1_261' title='bbox 571 1368 605 1400; x_wconf 89' lang='lat' dir='ltr'><strong>p.</strong></span> <span class='ocrx_word' id='word_1_262' title='bbox 626 1359 687 1399; x_wconf 89' lang='lat'>32,</span> <span class='ocrx_word' id='word_1_263' title='bbox 708 1359 752 1390; x_wconf 87' lang='lat'>14</span> <span class='ocrx_word' id='word_1_264' title='bbox 784 1354 862 1389; x_wconf 85' lang='lat' dir='ltr'><strong>cod.</strong></span> <span class='ocrx_word' id='word_1_265' title='bbox 883 1357 926 1387; x_wconf 88' lang='grc'>22</span> <span class='ocrx_word' id='word_1_266' title='bbox 954 1352 1273 1398; x_wconf 84' lang='lat' dir='ltr'>interpolationem</span> <span class='ocrx_word' id='word_1_267' title='bbox 1297 1351 1390 1397; x_wconf 80' lang='grc' dir='ltr'><strong><em>(ἐπεί</em></strong></span> <span class='ocrx_word' id='word_1_268' title='bbox 1416 1374 1462 1378; x_wconf 87' lang='grc'>-</span> 
     </span>
     <span class='ocr_line' id='line_1_26' title="bbox 141 1404 1460 1454; baseline -0.004 -9"><span class='ocrx_word' id='word_1_269' title='bbox 141 1409 267 1454; x_wconf 80' lang='grc' dir='ltr'><strong><em>πάλιν)</em></strong></span> <span class='ocrx_word' id='word_1_270' title='bbox 292 1410 438 1454; x_wconf 83' lang='lat' dir='ltr'>praeter</span> <span class='ocrx_word' id='word_1_271' title='bbox 463 1407 765 1443; x_wconf 87' lang='lat' dir='ltr'>consuetudinem</span> <span class='ocrx_word' id='word_1_272' title='bbox 788 1406 827 1441; x_wconf 92' lang='lat' dir='ltr'>in</span> <span class='ocrx_word' id='word_1_273' title='bbox 850 1418 922 1451; x_wconf 87' lang='lat' dir='ltr'>mg.</span> <span class='ocrx_word' id='word_1_274' title='bbox 948 1405 1062 1440; x_wconf 83' lang='lat' dir='ltr'>habet</span> <span class='ocrx_word' id='word_1_275' title='bbox 1091 1406 1128 1439; x_wconf 89' lang='lat' dir='ltr'>et</span> <span class='ocrx_word' id='word_1_276' title='bbox 1152 1404 1265 1439; x_wconf 84' lang='lat' dir='ltr'>Auria</span> <span class='ocrx_word' id='word_1_277' title='bbox 1290 1405 1460 1440; x_wconf 86' lang='lat' dir='ltr'>adnotat:</span> 
     </span>
     <span class='ocr_line' id='line_1_27' title="bbox 142 1456 1460 1508; baseline -0.005 -11"><span class='ocrx_word' id='word_1_278' title='bbox 142 1468 208 1498; x_wconf 82' lang='grc' dir='ltr'>τοῦ</span> <span class='ocrx_word' id='word_1_279' title='bbox 229 1464 439 1508; x_wconf 86' lang='grc' dir='ltr'><strong><em>σχολιαστοῦ</em></strong></span> <span class='ocrx_word' id='word_1_280' title='bbox 464 1466 588 1495; x_wconf 83' lang='grc' dir='ltr'><strong><em>ταῦτα.</em></strong></span> <span class='ocrx_word' id='word_1_281' title='bbox 626 1459 665 1494; x_wconf 89' lang='lat' dir='ltr'>in</span> <span class='ocrx_word' id='word_1_282' title='bbox 683 1459 826 1494; x_wconf 87' lang='lat' dir='ltr'>Marino</span> <span class='ocrx_word' id='word_1_283' title='bbox 852 1467 996 1502; x_wconf 89' lang='lat' dir='ltr'>quoque</span> <span class='ocrx_word' id='word_1_284' title='bbox 1014 1456 1246 1502; x_wconf 86' lang='lat' dir='ltr'>potissimum</span> <span class='ocrx_word' id='word_1_285' title='bbox 1269 1468 1315 1492; x_wconf 88' lang='lat' dir='ltr'>m.</span> <span class='ocrx_word' id='word_1_286' title='bbox 1336 1461 1356 1491; x_wconf 93' lang='lat'>2</span> <span class='ocrx_word' id='word_1_287' title='bbox 1376 1457 1460 1492; x_wconf 88' lang='lat' dir='ltr'><strong>Vat.</strong></span> 
     </span>
     <span class='ocr_line' id='line_1_28' title="bbox 142 1506 1461 1560; baseline -0.005 -9"><span class='ocrx_word' id='word_1_288' title='bbox 142 1515 325 1560; x_wconf 84' lang='lat' dir='ltr'>sequitur,</span> <span class='ocrx_word' id='word_1_289' title='bbox 358 1513 422 1548; x_wconf 89' lang='lat' dir='ltr'>sed</span> <span class='ocrx_word' id='word_1_290' title='bbox 440 1526 474 1558; x_wconf 91' lang='lat' dir='ltr'>p.</span> <span class='ocrx_word' id='word_1_291' title='bbox 495 1517 574 1557; x_wconf 85' lang='grc'>244,</span> <span class='ocrx_word' id='word_1_292' title='bbox 595 1517 637 1546; x_wconf 93' lang='grc'>22</span> <span class='ocrx_word' id='word_1_293' title='bbox 664 1513 796 1547; x_wconf 84' lang='grc' dir='ltr'><strong><em>διϊδεῖν</em></strong></span> <span class='ocrx_word' id='word_1_294' title='bbox 820 1511 858 1545; x_wconf 90' lang='lat' dir='ltr'>et</span> <span class='ocrx_word' id='word_1_295' title='bbox 875 1522 910 1555; x_wconf 87' lang='lat' dir='ltr'>p.</span> <span class='ocrx_word' id='word_1_296' title='bbox 930 1513 1008 1553; x_wconf 83' lang='lat'>248,</span> <span class='ocrx_word' id='word_1_297' title='bbox 1029 1512 1051 1543; x_wconf 91' lang='grc'>4</span> <span class='ocrx_word' id='word_1_298' title='bbox 1069 1506 1300 1555; x_wconf 75' lang='grc' dir='ltr'><strong><em>Ἀρχιμήδους</em></strong></span> <span class='ocrx_word' id='word_1_299' title='bbox 1326 1508 1461 1551; x_wconf 80' lang='grc' dir='ltr'><strong><em>ἔδειξεν</em></strong></span> 
     </span>
     <span class='ocr_line' id='line_1_29' title="bbox 141 1563 839 1610; baseline -0.01 -5"><span class='ocrx_word' id='word_1_300' title='bbox 141 1574 218 1609; x_wconf 82' lang='grc' dir='ltr'><strong><em>τοῖς</em></strong></span> <span class='ocrx_word' id='word_1_301' title='bbox 243 1565 386 1610; x_wconf 83' lang='grc' dir='ltr'><strong><em>σερίνου</em></strong></span> <span class='ocrx_word' id='word_1_302' title='bbox 410 1563 652 1610; x_wconf 82' lang='grc' dir='ltr'><strong><em>θεωρηθέντα</em></strong></span> <span class='ocrx_word' id='word_1_303' title='bbox 676 1563 839 1610; x_wconf 80' lang='lat' dir='ltr'>praebet.</span> 
     </span>
     <span class='ocr_line' id='line_1_30' title="bbox 239 1617 1461 1662; baseline -0.007 -2"><span class='ocrx_word' id='word_1_304' title='bbox 239 1625 317 1660; x_wconf 83' lang='lat' dir='ltr'><strong>eod.</strong></span> <span class='ocrx_word' id='word_1_305' title='bbox 344 1637 362 1658; x_wconf 89' lang='lat' dir='ltr'>z</span> <span class='ocrx_word' id='word_1_306' title='bbox 393 1622 500 1658; x_wconf 89' lang='lat' dir='ltr'>initio</span> <span class='ocrx_word' id='word_1_307' title='bbox 525 1623 675 1657; x_wconf 91' lang='lat' dir='ltr'>mutilus</span> <span class='ocrx_word' id='word_1_308' title='bbox 708 1633 790 1657; x_wconf 82' lang='lat' dir='ltr'>oum</span> <span class='ocrx_word' id='word_1_309' title='bbox 815 1631 859 1655; x_wconf 88' lang='lat' dir='ltr'>ex</span> <span class='ocrx_word' id='word_1_310' title='bbox 882 1619 983 1654; x_wconf 90' lang='lat' dir='ltr'>nullo</span> <span class='ocrx_word' id='word_1_311' title='bbox 1009 1629 1133 1654; x_wconf 88' lang='lat' dir='ltr'>eorum</span> <span class='ocrx_word' id='word_1_312' title='bbox 1158 1617 1339 1662; x_wconf 86' lang='lat' dir='ltr'>codicum,</span> <span class='ocrx_word' id='word_1_313' title='bbox 1371 1629 1461 1662; x_wconf 88' lang='lat' dir='ltr'>quos</span> 
     </span>
     <span class='ocr_line' id='line_1_31' title="bbox 144 1669 1461 1724; baseline -0.007 -11"><span class='ocrx_word' id='word_1_314' title='bbox 144 1689 256 1724; x_wconf 88' lang='lat' dir='ltr'>supra</span> <span class='ocrx_word' id='word_1_315' title='bbox 280 1675 503 1719; x_wconf 87' lang='lat' dir='ltr'>enumeraui,</span> <span class='ocrx_word' id='word_1_316' title='bbox 529 1675 733 1720; x_wconf 83' lang='lat' dir='ltr'>descriptus</span> <span class='ocrx_word' id='word_1_317' title='bbox 760 1672 808 1707; x_wconf 89' lang='lat' dir='ltr'>sit</span> <span class='ocrx_word' id='word_1_318' title='bbox 832 1673 943 1716; x_wconf 87' lang='lat' dir='ltr'>atque</span> <span class='ocrx_word' id='word_1_319' title='bbox 968 1670 1057 1706; x_wconf 87' lang='lat' dir='ltr'>satis</span> <span class='ocrx_word' id='word_1_320' title='bbox 1081 1670 1198 1704; x_wconf 89' lang='lat' dir='ltr'>multa</span> <span class='ocrx_word' id='word_1_321' title='bbox 1219 1669 1356 1704; x_wconf 87' lang='lat' dir='ltr'>habeat</span> <span class='ocrx_word' id='word_1_322' title='bbox 1379 1681 1461 1715; x_wconf 86' lang='lat' dir='ltr'>pro—</span> 
     </span>
     <span class='ocr_line' id='line_1_32' title="bbox 143 1721 1460 1777; baseline -0.007 -12"><span class='ocrx_word' id='word_1_323' title='bbox 143 1731 243 1777; x_wconf 85' lang='lat' dir='ltr'>pria,</span> <span class='ocrx_word' id='word_1_324' title='bbox 275 1727 474 1773; x_wconf 87' lang='lat' dir='ltr'>scripturas</span> <span class='ocrx_word' id='word_1_325' title='bbox 499 1727 577 1762; x_wconf 87' lang='lat' dir='ltr'>eius</span> <span class='ocrx_word' id='word_1_326' title='bbox 602 1727 649 1762; x_wconf 89' lang='lat' dir='ltr'>ab</span> <span class='ocrx_word' id='word_1_327' title='bbox 675 1725 783 1761; x_wconf 88' lang='lat' dir='ltr'>huius</span> <span class='ocrx_word' id='word_1_328' title='bbox 809 1723 982 1759; x_wconf 81' lang='lat' dir='ltr'>editionis</span> <span class='ocrx_word' id='word_1_329' title='bbox 1007 1722 1254 1767; x_wconf 84' lang='lat' dir='ltr'>discrepantes</span> <span class='ocrx_word' id='word_1_330' title='bbox 1279 1721 1460 1757; x_wconf 83' lang='lat' dir='ltr'>adferam:</span> 
     </span>
     <span class='ocr_line' id='line_1_33' title="bbox 237 1779 1462 1832; baseline -0.007 -11"><span class='ocrx_word' id='word_1_331' title='bbox 237 1800 271 1832; x_wconf 88' lang='lat' dir='ltr'>p.</span> <span class='ocrx_word' id='word_1_332' title='bbox 292 1790 348 1830; x_wconf 85' lang='lat'>44,</span> <span class='ocrx_word' id='word_1_333' title='bbox 370 1789 412 1820; x_wconf 90' lang='grc'>16</span> <span class='ocrx_word' id='word_1_334' title='bbox 436 1784 518 1831; x_wconf 82' lang='grc' dir='ltr'><strong><em>τήν]</em></strong></span> <span class='ocrx_word' id='word_1_335' title='bbox 543 1784 584 1819; x_wconf 88' lang='grc' dir='ltr'>τό</span> <span class='ocrx_word' id='word_1_336' title='bbox 661 1787 704 1818; x_wconf 95' lang='grc'>22</span> <span class='ocrx_word' id='word_1_337' title='bbox 730 1782 786 1829; x_wconf 85' lang='grc' dir='ltr'>τό]</span> <span class='ocrx_word' id='word_1_338' title='bbox 812 1783 880 1818; x_wconf 76' lang='grc' dir='ltr'>καί</span> <span class='ocrx_word' id='word_1_339' title='bbox 968 1793 1003 1827; x_wconf 90' lang='lat' dir='ltr'>p.</span> <span class='ocrx_word' id='word_1_340' title='bbox 1022 1785 1078 1824; x_wconf 84' lang='lat'>46,</span> <span class='ocrx_word' id='word_1_341' title='bbox 1098 1784 1119 1815; x_wconf 92' lang='grc'>8</span> <span class='ocrx_word' id='word_1_342' title='bbox 1143 1780 1207 1815; x_wconf 80' lang='grc' dir='ltr'>καὶ</span> <span class='ocrx_word' id='word_1_343' title='bbox 1231 1780 1278 1820; x_wconf 82' lang='grc' dir='ltr'>ὡς</span> <span class='ocrx_word' id='word_1_344' title='bbox 1302 1779 1389 1826; x_wconf 77' lang='grc' dir='ltr'><strong><em>ἄρα]</em></strong></span> <span class='ocrx_word' id='word_1_345' title='bbox 1414 1780 1462 1820; x_wconf 82' lang='grc' dir='ltr'>ὡς</span> 
     </span>
     <span class='ocr_line' id='line_1_34' title="bbox 145 1831 1460 1886; baseline -0.007 -12"><span class='ocrx_word' id='word_1_346' title='bbox 145 1839 213 1886; x_wconf 82' lang='grc' dir='ltr'>γάρ</span> <span class='ocrx_word' id='word_1_347' title='bbox 289 1842 331 1872; x_wconf 89' lang='grc'>10</span> <span class='ocrx_word' id='word_1_348' title='bbox 356 1836 475 1883; x_wconf 82' lang='grc' dir='ltr'><strong><em>λόγος]</em></strong></span> <span class='ocrx_word' id='word_1_349' title='bbox 503 1836 521 1871; x_wconf 86' lang='grc' dir='ltr'><strong>ὁ</strong></span> <span class='ocrx_word' id='word_1_350' title='bbox 546 1836 651 1881; x_wconf 79' lang='grc' dir='ltr'><strong><em>λόγος</em></strong></span> <span class='ocrx_word' id='word_1_351' title='bbox 726 1838 769 1869; x_wconf 81' lang='grc'>13</span> <span class='ocrx_word' id='word_1_352' title='bbox 794 1835 852 1880; x_wconf 81' lang='grc' dir='ltr'>τῇ]</span> <span class='ocrx_word' id='word_1_353' title='bbox 877 1845 946 1868; x_wconf 88' lang='grc'>0111.</span> <span class='ocrx_word' id='word_1_354' title='bbox 1024 1837 1066 1867; x_wconf 92' lang='grc'>21</span> <span class='ocrx_word' id='word_1_355' title='bbox 1094 1831 1186 1878; x_wconf 78' lang='grc' dir='ltr'><strong><em>ἐστι’]</em></strong></span> <span class='ocrx_word' id='word_1_356' title='bbox 1212 1842 1280 1866; x_wconf 88' lang='lat' dir='ltr'>om.</span> <span class='ocrx_word' id='word_1_357' title='bbox 1352 1835 1396 1866; x_wconf 91' lang='lat'>24</span> <span class='ocrx_word' id='word_1_358' title='bbox 1420 1831 1460 1878; x_wconf 90' lang='grc' dir='ltr'>ἡ]</span> 
     </span>
     <span class='ocr_line' id='line_1_35' title="bbox 144 1884 1461 1936; baseline -0.007 -8"><span class='ocrx_word' id='word_1_359' title='bbox 144 1904 215 1928; x_wconf 85' lang='grc'>0111.</span> <span class='ocrx_word' id='word_1_360' title='bbox 274 1903 309 1936; x_wconf 90' lang='lat' dir='ltr'>p.</span> <span class='ocrx_word' id='word_1_361' title='bbox 324 1893 380 1934; x_wconf 87' lang='lat'>48,</span> <span class='ocrx_word' id='word_1_362' title='bbox 402 1894 419 1923; x_wconf 92' lang='grc'>1</span> <span class='ocrx_word' id='word_1_363' title='bbox 442 1888 543 1934; x_wconf 77' lang='grc' dir='ltr'><strong><em>ἔστω]</em></strong></span> <span class='ocrx_word' id='word_1_364' title='bbox 565 1888 722 1923; x_wconf 81' lang='grc' dir='ltr'><strong><em>ἔστωσαν</em></strong></span> <span class='ocrx_word' id='word_1_365' title='bbox 782 1891 802 1922; x_wconf 90' lang='grc'>6</span> <span class='ocrx_word' id='word_1_366' title='bbox 823 1886 905 1921; x_wconf 87' lang='lat' dir='ltr'><strong>add.</strong></span> <span class='ocrx_word' id='word_1_367' title='bbox 922 1885 1008 1929; x_wconf 81' lang='grc' dir='ltr'><strong><em>ὅπερ</em></strong></span> <span class='ocrx_word' id='word_1_368' title='bbox 1024 1884 1096 1919; x_wconf 78' lang='grc' dir='ltr'><strong><em>ἔδει</em></strong></span> <span class='ocrx_word' id='word_1_369' title='bbox 1115 1889 1264 1928; x_wconf 82' lang='grc' dir='ltr'><strong><em>ποιῆσαι</em></strong></span> <span class='ocrx_word' id='word_1_370' title='bbox 1321 1895 1356 1928; x_wconf 88' lang='lat' dir='ltr'>p.</span> <span class='ocrx_word' id='word_1_371' title='bbox 1371 1888 1426 1928; x_wconf 87' lang='lat'>50,</span> <span class='ocrx_word' id='word_1_372' title='bbox 1442 1888 1461 1919; x_wconf 89' lang='grc'>7</span> 
     </span>
     <span class='ocr_line' id='line_1_36' title="bbox 145 1934 1462 1990; baseline -0.007 -11"><span class='ocrx_word' id='word_1_373' title='bbox 145 1943 258 1990; x_wconf 77' lang='grc' dir='ltr'><strong><em>ἐστίν]</em></strong></span> <span class='ocrx_word' id='word_1_374' title='bbox 278 1955 347 1978; x_wconf 89' lang='lat' dir='ltr'><strong>om.</strong></span> <span class='ocrx_word' id='word_1_375' title='bbox 422 1945 463 1975; x_wconf 90' lang='lat'>11</span> <span class='ocrx_word' id='word_1_376' title='bbox 489 1941 598 1987; x_wconf 79' lang='grc' dir='ltr'><strong><em>αὐτῇ]</em></strong></span> <span class='ocrx_word' id='word_1_377' title='bbox 619 1939 729 1986; x_wconf 79' lang='grc' dir='ltr'><strong><em>ἑαυτῇ</em></strong></span> <span class='ocrx_word' id='word_1_378' title='bbox 803 1942 844 1973; x_wconf 92' lang='grc'>15</span> <span class='ocrx_word' id='word_1_379' title='bbox 870 1938 989 1984; x_wconf 83' lang='grc' dir='ltr'><strong><em>ἤχθω]</em></strong></span> <span class='ocrx_word' id='word_1_380' title='bbox 1009 1937 1114 1983; x_wconf 78' lang='grc' dir='ltr'><strong><em>ἄχθω</em></strong></span> <span class='ocrx_word' id='word_1_381' title='bbox 1187 1940 1228 1970; x_wconf 87' lang='grc'>17</span> <span class='ocrx_word' id='word_1_382' title='bbox 1255 1934 1367 1982; x_wconf 77' lang='grc' dir='ltr'><strong><em>ἐστίν]</em></strong></span> <span class='ocrx_word' id='word_1_383' title='bbox 1388 1936 1462 1971; x_wconf 77' lang='grc' dir='ltr'><strong><em>ἐστὶ</em></strong></span> 
     </span>
     <span class='ocr_line' id='line_1_37' title="bbox 145 1988 1461 2040; baseline -0.008 -9"><span class='ocrx_word' id='word_1_384' title='bbox 145 1993 324 2040; x_wconf 78' lang='grc' dir='ltr'><strong><em>δεδομένη</em></strong></span> <span class='ocrx_word' id='word_1_385' title='bbox 408 1997 451 2027; x_wconf 91' lang='grc'>22</span> <span class='ocrx_word' id='word_1_386' title='bbox 478 1992 570 2039; x_wconf 79' lang='grc' dir='ltr'><strong><em>ἄρα]</em></strong></span> <span class='ocrx_word' id='word_1_387' title='bbox 599 1991 669 2027; x_wconf 75' lang='grc' dir='ltr'><strong><em>ἔστι</em></strong></span> <span class='ocrx_word' id='word_1_388' title='bbox 762 2003 796 2036; x_wconf 93' lang='lat' dir='ltr'>p.</span> <span class='ocrx_word' id='word_1_389' title='bbox 818 1994 879 2035; x_wconf 88' lang='grc'>52,</span> <span class='ocrx_word' id='word_1_390' title='bbox 906 1994 947 2024; x_wconf 91' lang='grc'>17</span> <span class='ocrx_word' id='word_1_391' title='bbox 973 1989 1208 2035; x_wconf 82' lang='grc' dir='ltr'><strong><em>προσβληθῇ]</em></strong></span> <span class='ocrx_word' id='word_1_392' title='bbox 1233 1988 1334 2034; x_wconf 81' lang='grc' dir='ltr'><strong><em>ἀχθῇ</em></strong></span> <span class='ocrx_word' id='word_1_393' title='bbox 1417 1991 1461 2022; x_wconf 91' lang='grc'>20</span> 
     </span>
     <span class='ocr_line' id='line_1_38' title="bbox 144 2037 1462 2095; baseline -0.008 -12"><span class='ocrx_word' id='word_1_394' title='bbox 144 2049 251 2095; x_wconf 76' lang='grc' dir='ltr'><strong><em>ἤχθω</em></strong></span> <span class='ocrx_word' id='word_1_395' title='bbox 281 2047 303 2092; x_wconf 85' lang='grc' dir='ltr'>ἡ</span> <span class='ocrx_word' id='word_1_396' title='bbox 335 2050 402 2081; x_wconf 90' lang='grc' dir='ltr'>ΔΑ</span> <span class='ocrx_word' id='word_1_397' title='bbox 499 2048 542 2079; x_wconf 89' lang='grc'>23</span> <span class='ocrx_word' id='word_1_398' title='bbox 575 2045 705 2091; x_wconf 90' lang='grc' dir='ltr'><strong><em>ΕΔΖ]</em></strong></span> <span class='ocrx_word' id='word_1_399' title='bbox 736 2042 776 2079; x_wconf 73' lang='grc' dir='ltr'><strong><em>δὲ</em></strong></span> <span class='ocrx_word' id='word_1_400' title='bbox 812 2046 838 2077; x_wconf 93' lang='grc' dir='ltr'>Ζ</span> <span class='ocrx_word' id='word_1_401' title='bbox 932 2055 966 2087; x_wconf 92' lang='lat' dir='ltr'>p.</span> <span class='ocrx_word' id='word_1_402' title='bbox 993 2044 1053 2085; x_wconf 87' lang='grc'>54,</span> <span class='ocrx_word' id='word_1_403' title='bbox 1081 2044 1125 2075; x_wconf 93' lang='grc'>14</span> <span class='ocrx_word' id='word_1_404' title='bbox 1155 2038 1254 2086; x_wconf 79' lang='grc' dir='ltr'><strong><em>ἐπεί]</em></strong></span> <span class='ocrx_word' id='word_1_405' title='bbox 1286 2039 1364 2075; x_wconf 76' lang='grc' dir='ltr'><strong><em>ἐπεὶ</em></strong></span> <span class='ocrx_word' id='word_1_406' title='bbox 1394 2037 1462 2075; x_wconf 82' lang='grc' dir='ltr'>οὖν</span> 
     </span>
     <span class='ocr_line' id='line_1_39' title="bbox 192 2090 1461 2146; baseline -0.006 -12"><span class='ocrx_word' id='word_1_407' title='bbox 192 2113 226 2146; x_wconf 88' lang='lat' dir='ltr'>p.</span> <span class='ocrx_word' id='word_1_408' title='bbox 248 2103 303 2143; x_wconf 87' lang='lat'>56,</span> <span class='ocrx_word' id='word_1_409' title='bbox 325 2102 365 2133; x_wconf 89' lang='lat'>11</span> <span class='ocrx_word' id='word_1_410' title='bbox 394 2099 476 2144; x_wconf 91' lang='grc' dir='ltr'>ΕΖ]</span> <span class='ocrx_word' id='word_1_411' title='bbox 504 2100 571 2132; x_wconf 91' lang='grc' dir='ltr'>ΕΖ</span> <span class='ocrx_word' id='word_1_412' title='bbox 596 2100 644 2143; x_wconf 80' lang='grc' dir='ltr'>τῷ</span> <span class='ocrx_word' id='word_1_413' title='bbox 666 2094 815 2141; x_wconf 79' lang='grc' dir='ltr'><strong><em>μεγέθει</em></strong></span> <span class='ocrx_word' id='word_1_414' title='bbox 888 2098 929 2128; x_wconf 89' lang='grc'>12</span> <span class='ocrx_word' id='word_1_415' title='bbox 957 2094 1013 2140; x_wconf 89' lang='lat' dir='ltr'>H]</span> <span class='ocrx_word' id='word_1_416' title='bbox 1038 2104 1107 2128; x_wconf 90' lang='lat' dir='ltr'>om.</span> <span class='ocrx_word' id='word_1_417' title='bbox 1182 2096 1224 2126; x_wconf 89' lang='grc'>14</span> <span class='ocrx_word' id='word_1_418' title='bbox 1248 2090 1352 2127; x_wconf 80' lang='grc' dir='ltr'><strong><em>θέσει</em></strong></span> <span class='ocrx_word' id='word_1_419' title='bbox 1364 2092 1461 2137; x_wconf 85' lang='lat' dir='ltr'><strong>(pr.)]</strong></span> 
     </span>
     <span class='ocr_line' id='line_1_40' title="bbox 144 2145 1460 2195; baseline -0.008 -7"><span class='ocrx_word' id='word_1_420' title='bbox 144 2152 249 2188; x_wconf 81' lang='grc' dir='ltr'><strong><em>θέσει</em></strong></span> <span class='ocrx_word' id='word_1_421' title='bbox 274 2149 469 2195; x_wconf 79' lang='grc' dir='ltr'><strong><em>δεδομένος</em></strong></span> <span class='ocrx_word' id='word_1_422' title='bbox 541 2153 583 2183; x_wconf 88' lang='grc'>19</span> <span class='ocrx_word' id='word_1_423' title='bbox 608 2149 731 2195; x_wconf 85' lang='grc' dir='ltr'><strong><em>λοιπή]</em></strong></span> <span class='ocrx_word' id='word_1_424' title='bbox 757 2146 884 2183; x_wconf 80' lang='grc' dir='ltr'><strong><em>λοιπόν</em></strong></span> <span class='ocrx_word' id='word_1_425' title='bbox 955 2149 999 2180; x_wconf 90' lang='grc'>20</span> <span class='ocrx_word' id='word_1_426' title='bbox 1025 2145 1135 2191; x_wconf 78' lang='grc' dir='ltr'><strong><em>ἐστιν]</em></strong></span> <span class='ocrx_word' id='word_1_427' title='bbox 1161 2155 1229 2179; x_wconf 88' lang='lat' dir='ltr'><strong>om.</strong></span> <span class='ocrx_word' id='word_1_428' title='bbox 1309 2155 1343 2188; x_wconf 90' lang='lat' dir='ltr'>p.</span> <span class='ocrx_word' id='word_1_429' title='bbox 1365 2147 1419 2187; x_wconf 79' lang='lat'>⁶8,</span> <span class='ocrx_word' id='word_1_430' title='bbox 1440 2147 1460 2178; x_wconf 91' lang='lat'>6</span> 
     </span>
     <span class='ocr_line' id='line_1_41' title="bbox 146 2194 1460 2250; baseline -0.008 -10"><span class='ocrx_word' id='word_1_431' title='bbox 146 2203 246 2250; x_wconf 77' lang='grc' dir='ltr'><strong><em>ἐπεὶ]</em></strong></span> <span class='ocrx_word' id='word_1_432' title='bbox 273 2203 351 2238; x_wconf 82' lang='grc' dir='ltr'>ἐπεὶ</span> <span class='ocrx_word' id='word_1_433' title='bbox 376 2200 442 2238; x_wconf 84' lang='grc' dir='ltr'>οὖν</span> <span class='ocrx_word' id='word_1_434' title='bbox 524 2205 544 2235; x_wconf 91' lang='grc'>8</span> <span class='ocrx_word' id='word_1_435' title='bbox 569 2202 655 2246; x_wconf 84' lang='grc' dir='ltr'><strong><em>τῶν]</em></strong></span> <span class='ocrx_word' id='word_1_436' title='bbox 681 2211 763 2244; x_wconf 90' lang='lat' dir='ltr'>om.,</span> <span class='ocrx_word' id='word_1_437' title='bbox 788 2200 830 2234; x_wconf 89' lang='lat' dir='ltr'>ut</span> <span class='ocrx_word' id='word_1_438' title='bbox 855 2197 1066 2243; x_wconf 79' lang='lat' dir='ltr'>saepissime</span> <span class='ocrx_word' id='word_1_439' title='bbox 1091 2197 1129 2232; x_wconf 89' lang='lat' dir='ltr'>in</span> <span class='ocrx_word' id='word_1_440' title='bbox 1154 2195 1298 2241; x_wconf 81' lang='lat' dir='ltr'>angulis</span> <span class='ocrx_word' id='word_1_441' title='bbox 1324 2194 1460 2240; x_wconf 68' lang='lat' dir='ltr'>signifi-</span> 
     </span>
     <span class='ocr_line' id='line_1_42' title="bbox 146 2247 1461 2300; baseline -0.008 -8"><span class='ocrx_word' id='word_1_442' title='bbox 146 2256 274 2293; x_wconf 86' lang='lat' dir='ltr'>candis</span> <span class='ocrx_word' id='word_1_443' title='bbox 369 2267 403 2300; x_wconf 88' lang='lat' dir='ltr'>p.</span> <span class='ocrx_word' id='word_1_444' title='bbox 433 2258 494 2299; x_wconf 91' lang='lat'>60,</span> <span class='ocrx_word' id='word_1_445' title='bbox 525 2258 545 2288; x_wconf 88' lang='lat'>8</span> <span class='ocrx_word' id='word_1_446' title='bbox 582 2255 666 2299; x_wconf 89' lang='lat' dir='ltr'>post</span> <span class='ocrx_word' id='word_1_447' title='bbox 697 2256 764 2288; x_wconf 86' lang='lat' dir='ltr'>KA</span> <span class='ocrx_word' id='word_1_448' title='bbox 793 2251 876 2287; x_wconf 87' lang='lat' dir='ltr'><strong>add.</strong></span> <span class='ocrx_word' id='word_1_449' title='bbox 903 2250 1030 2290; x_wconf 83' lang='grc' dir='ltr'><strong><em>δοθεὶς</em></strong></span> <span class='ocrx_word' id='word_1_450' title='bbox 1059 2247 1100 2284; x_wconf 75' lang='grc' dir='ltr'><strong><em>δὲ</em></strong></span> <span class='ocrx_word' id='word_1_451' title='bbox 1132 2249 1151 2284; x_wconf 89' lang='grc' dir='ltr'>ὁ</span> <span class='ocrx_word' id='word_1_452' title='bbox 1181 2253 1245 2293; x_wconf 79' lang='grc' dir='ltr'>τῆς</span> <span class='ocrx_word' id='word_1_453' title='bbox 1268 2249 1341 2282; x_wconf 88' lang='grc' dir='ltr'>ΔΕ</span> <span class='ocrx_word' id='word_1_454' title='bbox 1371 2247 1461 2291; x_wconf 76' lang='grc' dir='ltr'><em>πρὸς</em></span> 
     </span>
    </p>
   </div>
  </div>
 </body>
</html>
