1520 2508
45 837 90 870 10

47 1193 91 1228 15

47 1603 92 1636 20

114 98 200 140 332
484 102 722 135 APPENDIX
748 101 1067 136 scnomomm.

113 199 164 248 τῇ
197 210 256 247 αη
287 194 438 250 εὐθείᾳ
468 193 540 236 καὶ
570 201 630 251 τῷ
660 196 769 250 πρὸς
799 195 907 251 αὐτῇ
938 198 1097 253 σημείῳ
1128 202 1188 253 τῷ
1213 213 1240 238 α
1270 203 1322 253 τῇ
1351 198 1435 241 ὑπὸ
1495 216 1501 237 ς

113 263 208 305 εδθ
245 267 315 317 ἴση
346 263 371 316 ἡ
403 263 486 305 ὑπὸ
518 277 628 317 ηακ·
673 266 800 319 λοιπὴ
837 266 921 320 ἄρα
952 265 978 319 ἡ
1009 265 1094 307 ὑπὸ
1126 267 1209 318 δεζ
1246 271 1315 321 ἴση
1348 267 1436 310 ἐστὶ
1478 303 1500 307 τ,

113 338 164 387 τῇ
194 333 279 374 ὑπὸ
311 349 414 387 ακη.
475 333 582 375 ἀλλὰ
613 334 667 388 δὴ
698 336 805 376 ἔστω
837 334 1017 389 ἀμβλεῖα
1048 336 1074 390 ἡ
1103 336 1189 379 ὑπὸ
1221 338 1314 388 δεζ.
1375 337 1436 379 ἐκ·

113 404 349 456 βληθείσης
379 403 462 459 ἄρα
492 409 566 457 τῆς
592 405 638 454 ζε
668 403 783 454 ὀξεῖα
811 406 928 446 ἔσται
952 405 978 459 ἡ
1003 405 1088 447 ὑπὸ
1114 406 1211 448 δελ.
1253 407 1437 457 κάθετος

114 469 195 514 οὗν
218 473 342 526 ἤχθω
367 472 393 526 ἡ
420 473 446 514 δ
454 476 491 527 λ,
517 472 589 515 καὶ
608 479 658 528 τῇ
678 473 763 515 ὑπὸ
789 475 848 515 λδ
855 490 874 516 ε
901 478 970 528 ἴση
993 477 1154 517 κείσθω
1177 475 1202 529 ἡ
1221 476 1306 518 ὑπὸ
1330 492 1435 530 ηακ.

114 543 241 596 λοιπὴ
273 543 357 598 ἄρα
386 542 412 596 ἡ
443 543 528 585 ὑπὸ
561 544 646 585 δελ
679 547 748 597 ἴση
781 542 869 585 ἐστὶ
900 550 950 599 τῇ
981 544 1066 586 ὑπὸ
1098 561 1201 600 ακη,
1234 546 1340 588 ὥστε
1365 545 1436 588 καὶ

113 610 138 664 ἡ
172 610 323 666 ἐφεξῆς
353 611 378 665 ἡ
409 612 494 655 ὑπὸ
527 614 553 654 δ
560 615 609 664 εζ
637 619 688 668 τῇ
720 612 870 668 ἐφεξῆς
900 619 951 669 τῇ
976 614 1060 657 ὑπὸ
1087 631 1179 669 ακγ
1210 619 1280 670 ἴση
1307 615 1435 658 ἐστίν.

200 693 267 734 34.
312 693 515 735 Τουτέστι
547 695 595 736 τὸ
627 694 712 736 ὑπὸ
744 702 832 736 τῶν
857 697 984 736 ΕΓΒ
1014 711 1052 750 p.
1074 697 1171 752 214,
1197 697 1327 750 6—7]
1361 696 1437 739 ἐὰν

114 762 196 817 γὰρ
221 762 371 804 εὐθεῖα
397 764 568 818 γραμμὴ
593 768 752 819 τμηθῇ,
782 764 841 813 ὡς
864 766 1027 819 ἔτυχεν,
1057 766 1104 807 τὸ
1129 765 1212 807 ὑπὸ
1237 772 1312 820 τῆς
1336 767 1438 820 ὅλης

114 831 186 873 καὶ
218 831 313 881 ἑνὸς
343 839 430 874 τῶν
459 833 690 887 τμημάτων
713 835 1017 888 περιεχόμενον
1041 835 1317 890 ὀρθογώνιον
1342 839 1439 878 ἴσον

116 900 205 943 ἐστὶ
236 908 295 958 τῷ
332 917 378 943 τε
412 902 497 944 ὑπὸ
529 909 616 944 τῶν
652 903 882 957 τμημάτων
917 903 988 945 καὶ
1019 911 1077 961 τῷ
1109 904 1191 947 ἀπὸ
1225 911 1303 946 τοῦ
1333 920 1438 961 προ-

116 971 344 1027 ειρημένου
374 973 641 1029 τετραγώνῳ.

204 1053 272 1095 35.
302 1051 424 1095 Ἴσον
455 1051 545 1095 ἐστὶ
574 1060 634 1110 τῷ
666 1053 748 1096 ἀπὸ
779 1057 862 1096 ΒΛ
891 1070 931 1109 p.
959 1056 1057 1108 214,
1089 1057 1219 1108 7—8]
1251 1055 1325 1098 ἐὰν
1355 1057 1438 1112 γὰρ

116 1130 230 1177 τρεῖς
255 1122 423 1164 εὐθεῖαι
449 1123 678 1177 ἀνάλογον,
701 1125 749 1165 τὸ
775 1124 859 1166 ὑπὸ
883 1125 1055 1180 πρώτης
1078 1124 1150 1167 καὶ
1173 1128 1318 1181 τρίτης
1342 1130 1439 1168 ἴσον

117 1191 206 1234 ἐστὶ
236 1198 294 1249 τῷ
327 1191 409 1234 ἀπὸ
440 1198 515 1247 τῆς
545 1191 760 1249 δευτέρας.

381 1308 449 1350 Ad
478 1323 597 1363 prop.
628 1308 810 1350 LXVIII
842 1309 1068 1351 demonstr.
1099 1311 1171 1352 alt.

203 1390 270 1432 36.
297 1392 401 1439 Πῶς
420 1390 609 1432 δυνατὸν
629 1395 819 1444 ποιῆσαι,
839 1390 897 1439 ὡς
921 1391 968 1432 τὸ
988 1394 1030 1432 Α
1053 1394 1437 1447 παραλληλόγραμ-

116 1474 199 1514 μον
217 1459 326 1515 πρὸς
344 1460 391 1501 τὸ
412 1462 449 1500 Β
467 1461 930 1515 παραλληλόγραμμον,
949 1460 1086 1510 οὕτως
1104 1462 1183 1516 τὴν
1202 1464 1247 1502 K
1259 1463 1367 1517 πρὸς
1380 1466 1439 1514 Λ;

116 1530 315 1583 εἰλήφθω
347 1535 434 1570 τῶν
466 1531 556 1583 ΓΔ,
582 1532 663 1570 ΕΖ
694 1531 816 1584 τρίτη
849 1529 1075 1583 ἀνάλογον.
1125 1533 1240 1572 ἔστιν
1272 1532 1355 1587 ἄρα
1380 1533 1438 1582 ὡς

117 1597 144 1651 ἡ
174 1599 323 1654 πρώτη
352 1599 461 1654 πρὸς
491 1599 571 1653 τὴν
600 1601 769 1654 τρίτην,
804 1599 942 1649 οὕτως
971 1601 1019 1641 τὸ
1051 1600 1133 1642 ἀπὸ
1164 1607 1239 1655 τῆς
1267 1602 1439 1657 πρώτης

115 1669 224 1723 πρὸς
253 1669 301 1709 τὸ
333 1667 415 1710 ἀπὸ
446 1674 521 1723 τῆς
552 1668 756 1724 δευτέρας
786 1670 833 1710 τὸ
866 1669 1017 1724 ὅμοιον
1046 1669 1118 1711 καὶ
1149 1670 1307 1725 ὁμοίως
1334 1671 1437 1712 ἀνα-

116 1740 406 1793 γραφόμενον,
436 1737 507 1780 καὶ
538 1738 691 1780 λοιπὸν
722 1738 779 1787 ὡς
810 1737 879 1780 ἐπὶ
910 1739 1095 1780 εὐθειῶν
1126 1739 1350 1794 γεγονέτω,
1381 1741 1439 1790 ὡς

116 1807 142 1861 ἡ
173 1808 321 1863 πρώτη
351 1807 460 1863 πρὸς
489 1808 569 1861 τὴν
599 1809 762 1863 τρίτην,
793 1807 931 1857 οὕτως
961 1807 986 1862 ἡ
1017 1810 1062 1849 Κ
1087 1809 1195 1864 πρὸς
1226 1812 1277 1850 Λ.

211 1914 265 1945 34.
292 1909 380 1945 Plv.
478 1913 532 1944 35.
558 1909 617 1945 Pl.
713 1914 767 1945 36.
794 1910 1024 1954 PlVat.002.

213 2018 242 2049 1.
263 2015 413 2060 τῇ(Ρι·.)]
432 2013 472 2048 τό
491 2013 549 2049 ΡΙ.
629 2018 659 2049 2.
680 2015 780 2060 ηακ]
801 2027 878 2059 ηεκ
897 2014 920 2050 l.
993 2018 1024 2049 4.
1047 2016 1104 2061 ζε]
1123 2018 1176 2050 θε
1195 2015 1254 2051 ΡΙ.
1324 2016 1437 2063 ἔσται]

120 2061 206 2096 ἔστω
233 2074 262 2103 ρ.
384 2065 414 2095 5.
448 2061 512 2106 M]
537 2062 587 2095 αλ
612 2061 670 2096 Pl.
789 2062 878 2107 λδε]
904 2062 982 2096 αδε
1006 2061 1065 2096 Pl.
1184 2063 1284 2108 ηακ]
1310 2066 1387 2108 ηλκ
1412 2063 1436 2099 l.

168 2111 196 2142 7.
231 2108 329 2153 ακγ]
360 2120 444 2152 any
475 2107 533 2142 Pl.
661 2112 715 2143 10.
746 2107 955 2154 τμημάτων]
988 2119 1055 2143 om.
1082 2108 1141 2144 Pl.
1264 2112 1316 2144 11.
1349 2110 1439 2144 Post

116 2152 380 2198 προειρημένου
411 2154 567 2188 fortasse
593 2164 635 2188 ex
661 2154 705 2189 el.
732 2154 780 2198 II,
807 2158 827 2188 3
859 2154 1067 2189 addendum
1092 2154 1284 2199 τμήματος.
1379 2159 1435 2192 18.

116 2201 198 2246 τήν]
231 2211 299 2235 om.
326 2200 448 2244 Vane.
568 2201 622 2246 Λ]
653 2204 680 2235 A
711 2200 795 2236 ΡΙλ.
915 2204 967 2236 19.
1003 2202 1081 2247 ΓΔ]
1112 2211 1215 2237 enan.
1248 2201 1272 2246 1,
1309 2213 1378 2238 om.
1404 2216 1435 2246 ρ.

163 2247 295 2328 ἶξδὼἓ
312 2248 392 2291 (pr.)
417 2267 460 2272 —
487 2249 542 2281 23.
568 2247 616 2292 A]
647 2246 705 2281 hic
733 2258 800 2282 om.
827 2249 861 2292 λ,
894 2247 957 2282 sed
982 2247 1096 2282 habet
1119 2250 1203 2292 post
1226 2249 1439 2293 θεωρήματι

115 2306 149 2338 p.
171 2317 179 2326 -
241 2322 248 2338 ‚
299 2322 305 2328 .
