1520 2508
491 85 732 121 APPENDIX
758 85 1081 120 SCHOLIORUM.
1374 84 1459 127 329

110 186 198 225 AA
228 188 280 238 τῇ
311 185 418 236 ΔΛ,
452 186 529 236 τῆς
559 178 608 223 δὲ
639 183 734 223 ΑΓ
757 188 808 237 τῇ
840 183 947 236 ΑΓ,
978 187 1055 237 τῆς
1085 178 1134 224 δὲ
1166 184 1248 224 BA
1279 187 1331 238 τῇ
1363 185 1459 237 BA,

112 255 230 296 ἔσται
268 250 405 308 σαφὲς
441 253 489 295 τὸ
528 254 781 307 λεγόμενον·
832 253 891 302 ὡς
927 253 1010 309 γὰρ
1050 253 1098 295 αἱ
1131 252 1300 308 βάσεις,
1345 253 1460 296 οὕτω

111 323 184 367 καὶ
215 325 268 366 τὰ
298 325 730 381 παραλληλόγραμμα
768 324 821 366 τὰ
852 323 938 366 ὑπὸ
977 325 1026 366 τὸ
1059 323 1165 367 αὐτὸ
1197 324 1312 376 ὕψος
1342 325 1462 367 ὄντα.

120 435 123 438 <
201 408 270 451 25.
325 405 414 449 Καὶ
457 412 536 449 τοῦ
581 405 650 456 δὶς
691 406 778 448 ὑπὸ
822 406 1162 463 συναμφοτέρου
1211 414 1288 463 τῆς
1330 410 1472 450 ΛΑΓ

112 496 152 537 p.
172 480 272 537 210,
291 479 337 535 2]
364 481 474 521 ἔστω
500 477 653 521 εὐθεῖα
679 476 705 532 ἡ
732 478 800 532 δε,
825 476 898 520 καὶ
923 480 1087 520 κείσθω
1108 484 1159 534 τῇ
1179 476 1259 534 μὲν
1278 483 1366 521 ΔΑ
1393 483 1464 534 ἴση
1513 489 1520 519 ι

113 551 140 607 ἡ
173 552 253 606 δα,
296 556 348 606 τῇ
386 547 433 592 δὲ
466 551 559 591 ΑΓ
589 548 615 603 ἡ
647 564 727 603 αγ,
771 547 844 591 καὶ
876 548 960 591 ἀπὸ
997 554 1077 591 τοῦ
1109 565 1136 591 α
1173 555 1225 605 τῇ
1257 550 1318 604 δγ
1354 551 1466 607 πρὸς

740 619 883 675 ὀρθὰς
923 619 1144 662 ἀνεστάτω
1189 621 1215 675 ἡ
1260 623 1342 676 αβ,
1390 620 1464 664 καὶ

739 693 904 733 κείσθω
925 690 951 745 ἡ
978 694 1040 746 αβ
1065 698 1117 747 τῇ
1138 696 1180 734 Α
1188 695 1225 734 Β
1250 697 1334 748 ἴση.
1373 691 1464 736 ἐπεὶ

741 759 823 805 οὗν
846 762 869 805 ὁ
889 769 965 817 τῆς
991 763 1088 817 δαγ
1111 764 1222 819 πρὸς
1247 780 1309 818 γα
1334 766 1465 818 λόγος

742 832 833 875 ἐστὶ
853 834 1018 888 δοθείς,
1045 834 1104 884 ὡς
1123 832 1171 876 δὲ
1191 834 1217 890 ἡ
1238 835 1335 890 δαγ
1355 836 1466 892 πρὸς
1493 845 1520 876 κ

742 920 823 959 γα,
867 905 1008 955 οὕτως
1045 906 1093 947 τὸ
1131 905 1217 948 ὑπὸ
1256 906 1372 961 ὃαγ,
1404 908 1466 961 αβ

129 985 158 1027 δ’
741 977 852 1033 πρὸς
890 977 937 1018 τὸ
969 976 1055 1019 ὑπὸ
1088 992 1163 1032 γα,
1183 979 1258 1032 αβ,
1289 976 1362 1020 καὶ
1387 983 1466 1020 τοῦ

744 1047 831 1090 ὑπὸ
875 1048 990 1102 δαγ,
1031 1050 1093 1103 αβ
1140 1049 1252 1105 πρὸς
1291 1049 1340 1091 τὸ
1379 1048 1467 1091 ὑπὸ

119 1135 195 1174 γα,
214 1121 276 1174 αβ
301 1119 386 1175 ἄρα
408 1119 538 1173 λόγος
558 1117 688 1161 ἐστίν.
721 1120 812 1161 ἔστι
833 1116 880 1161 δὲ
899 1117 973 1161 καὶ
991 1125 1071 1161 τοῦ
1090 1119 1176 1162 ὑπὸ
1197 1126 1286 1161 τῶν
1304 1135 1386 1174 γα,
1406 1135 1432 1162 α
1439 1121 1468 1174 β

118 1191 228 1247 πρὸς
258 1191 307 1234 τὸ
339 1192 436 1246 αβγ
472 1192 693 1247 τρίγωνον
724 1192 855 1244 λόγος
886 1189 1038 1240 δοθεὶς
1070 1191 1144 1232 διὰ
1175 1192 1224 1233 τὸ
1256 1189 1322 1241 ξς’
1354 1191 1467 1233 θεώ-
1495 1200 1520 1231 14

121 1276 253 1319 ρημα·
284 1260 357 1305 καὶ
382 1263 431 1305 τὸ
457 1262 543 1304 ὑπὸ
571 1262 680 1317 δαγ,
707 1264 769 1317 αβ
800 1263 885 1318 ἄρα
910 1263 1020 1318 πρὸς
1046 1263 1095 1304 τὸ
1121 1264 1218 1317 αβγ
1249 1263 1470 1319 τρίγωνον

121 1337 252 1390 λόγος
282 1332 373 1377 ἐστὶ
405 1332 559 1384 δοθεὶς
590 1334 664 1375 διὰ
695 1334 743 1375 τὸ
776 1332 822 1388 η’
854 1334 1077 1390 θεώρημα.

211 1419 278 1461 26.
322 1416 412 1460 Καὶ
442 1423 502 1475 τῷ
536 1415 606 1468 δὶς
630 1416 716 1459 ὑπὸ
743 1423 832 1459 τῶν
858 1419 954 1471 ΒΛ,
975 1419 1057 1459 ΓΖ
1086 1432 1127 1472 p.
1148 1418 1248 1474 210,
1273 1417 1469 1473 21—22]

123 1489 199 1532 ἐὰν
218 1490 301 1546 γὰρ
321 1489 711 1545 συμπληρώσωμεν
729 1489 778 1531 τὸ
798 1487 884 1530 ὑπὸ
905 1495 994 1530 τῶν
1013 1490 1041 1543 β
1048 1504 1090 1543 α,
1109 1504 1172 1542 αγ
1196 1490 1471 1545 παραλληλό-

850 1575 1054 1615 γραμμον
1091 1559 1151 1610 ὡς
1186 1560 1236 1602 τὸ
1274 1576 1355 1614 αη,
1398 1558 1471 1601 καὶ
1497 1567 1517 1599 2

515 1654 524 1656 >
544 1654 771 1726 'ssss——wl
858 1631 932 1673 διὰ
985 1636 1064 1673 τοῦ
1115 1633 1136 1682 ζ
1187 1631 1472 1687 παράλληλον

770 1730 772 1753 Q
859 1701 1091 1758 ἀγάγωμεν
1122 1708 1173 1758 τῇ
1206 1705 1287 1757 αβ,
1325 1703 1472 1744 ἔπειτα

770 1755 773 1847 ἰ
859 1772 1090 1829 ἀφέλωμεν
1103 1773 1151 1816 τὸ
1166 1772 1252 1815 ὑπὸ
1266 1780 1355 1815 τῶν
1367 1775 1472 1827 βαζ,

721 1849 774 1876 ff*
859 1846 1161 1886 καταλείπεται
1192 1844 1241 1886 τὸ
1274 1846 1327 1899 ζη
1363 1858 1473 1900 παρ-

861 1917 1248 1971 αλληλόγραμμον,
1292 1915 1316 1958 ὅ
1355 1915 1474 1958 ἐστιν
1499 1923 1518 1954 2

126 1988 213 2031 ὑπὸ
246 1995 335 2031 τῶν
366 1990 444 2043 βα,
471 1990 541 2042 ζγ·
580 1993 631 2043 τῇ
664 1987 746 2044 γὰρ
779 1989 842 2042 βα
874 1990 946 2041 ἴση
978 1985 1097 2028 ἐστὶν
1128 1986 1154 2041 ἡ
1188 1988 1251 2038 ζκ.

222 2121 277 2153 25.
304 2116 681 2160 PlVat.vMon.697..
732 2115 812 2160 Fig.
840 2125 908 2160 ego
935 2114 1076 2150 addidi
1181 2119 1236 2151 26.
1264 2127 1292 2150 z.

223 2240 254 2271 1.
286 2241 351 2281 τῆς
371 2238 437 2280 (pr.
439 2235 468 2282 )]
500 2240 544 2287 τῇ
575 2235 661 2270 Vat.
784 2237 815 2268 2.
850 2232 950 2269 ἔσται
975 2231 1114 2280 σαφές-Ἠ
1138 2233 1201 2269 sic.
1227 2234 1326 2269 Mon.
1361 2233 1476 2279 (ἔσται

128 2286 277 2329 comp),
317 2295 337 2318 σ
362 2282 478 2327 (ἔσται
505 2293 545 2316 m
569 2293 640 2317 ras
667 2280 777 2315 um‘us
803 2280 876 2316 litt.
903 2280 979 2316 alio
1011 2283 1174 2328 atram.)·
1211 2279 1356 2327 ἀσαφές
1387 2282 1473 2317 cett.

176 2335 208 2367 5
237 2330 295 2376 ἴση
322 2341 392 2366 om.
420 2329 526 2365 codd.
626 2332 681 2365 12
709 2329 801 2373 πρὸς
825 2328 866 2364 τὸ
892 2329 964 2364 ὑπὸ
991 2343 1056 2374 γα,
1075 2329 1146 2376 αβ]
1173 2340 1243 2364 om.
1270 2329 1294 2364 1.
