1520 2508
605 106 608 109 ⁴
686 82 826 116 DATA.
1349 82 1434 124 153

87 180 300 224 rationem
341 181 422 221 ΖΒ
443 181 557 221 :EA
600 178 747 220 datam
791 192 895 220 esse.
971 192 1103 232 quare
1147 178 1279 221 etiam
1321 179 1435 221 ratio

87 254 201 295 ΕΘε
223 253 302 292 ΖΛ
345 251 446 292 data
489 252 556 292 est
601 249 700 302 [def.
733 248 793 304 2].
868 263 1021 291 uerum
1064 249 1177 291 ratio
1215 253 1438 292 ΕΘεΓΕ

89 322 189 364 data
237 323 314 363 est.
399 321 547 375 itaque
598 319 730 361 etiam
778 319 892 361 ratio
944 322 1029 362 ΓΕ
1052 335 1061 361 :
1089 322 1168 362 ZA
1219 320 1321 363 data
1370 324 1436 363 est

89 390 222 450 [prop.
237 389 375 448 VIH].
421 394 488 434 est
514 394 659 432 autem
685 392 726 432 Λ
735 393 771 432 Ζ
795 411 848 424 ==
869 393 962 432 ZB.
1009 405 1139 446 quare
1166 391 1298 433 etiam
1323 391 1435 434 ratio

90 464 174 506 ΓΕ
186 465 293 504 :EA
319 462 420 504 data
445 464 511 503 est
522 459 554 518 ¹)
588 463 725 516 [prop.
746 460 882 514 VHI}
934 464 977 503 et
1002 464 1146 503 rectus
1167 464 1233 504 est
1254 462 1438 518 angulus

92 534 145 576 ad
169 537 210 576 E
239 533 422 589 positus.
472 547 575 588 ergo
602 534 684 574 ΓΔ
715 532 864 574 datum
890 535 957 574 est
983 532 1125 588 specie
1158 530 1257 590 [def.
1284 531 1341 590 3].

660 685 856 727 LXXIX.

177 768 223 812 Si
255 769 339 811 duo
368 768 578 825 trianguli
602 784 737 811 unum
764 768 968 824 angulum
996 768 1072 810 uni
1100 769 1260 825 angulo
1287 784 1440 824 aequa-

88 841 172 882 lem
202 840 376 896 habent,
407 843 451 882 et
483 840 537 882 ab
571 839 742 896 angulis
775 839 1027 894 aequalibus
1061 840 1115 882 ad
1140 840 1266 883 bases
1293 843 1438 883 rectae

87 911 224 953 lineae
254 911 629 966 perpendiculares
657 911 886 966 ducuntur,
919 913 962 952 et
988 913 1067 967 est,
1091 914 1141 953 ut
1165 911 1283 954 basis
1309 912 1440 967 primi

89 982 295 1038 trianguli
334 983 387 1024 ad
426 981 846 1038 perpendicularem,
887 982 952 1023 ita
994 982 1111 1024 basis
1150 982 1328 1025 alterius
1366 983 1442 1024 tri-

90 1053 235 1109 anguli
262 1053 315 1095 ad
338 1052 750 1108 perpendicularem,
775 1052 986 1108 trianguli
1006 1052 1282 1108 aequianguli
1302 1056 1440 1095 erunt.

178 1123 266 1165 sint
297 1124 380 1166 duo
416 1123 626 1180 trianguli
656 1125 804 1179 ΑΒΓ,
833 1125 975 1165 ΘΖΗ
1007 1124 1190 1180 angulos
1228 1124 1282 1166 ad
1321 1127 1375 1180 Z,
1401 1127 1440 1166 Β

88 1194 254 1250 positos
288 1194 488 1249 aequales
517 1194 747 1250 habentes,
791 1196 835 1235 et
879 1193 1091 1236 duc-antur
1129 1209 1154 1235 a
1192 1197 1247 1251 Z,
1271 1197 1309 1237 Β
1346 1211 1441 1251 per-

979 1265 1276 1320 pendiculares
1341 1269 1444 1322 BA,

982 1338 1072 1378 ZK
1076 1353 1085 1391 3
1118 1337 1176 1379 sit
1208 1340 1355 1379 autem

980 1409 1439 1451 AF:BA=&H:KZ.

981 1478 1098 1533 dico,
1169 1479 1440 1536 triangulum

980 1552 1075 1591 AB
1091 1551 1134 1591 Γ
1212 1549 1435 1606 triangulo

984 1623 1127 1662 ΘΖΗ
1180 1621 1442 1678 aequiangu-

980 1691 1072 1733 lum
1103 1706 1208 1734 esse.

182 1760 560 1803 circumscribatur
609 1761 724 1804 enim
774 1760 936 1804 circum
983 1765 1132 1804 ΘΖΗ
1174 1762 1444 1819 triangulum

95 1829 278 1873 circulus
312 1831 405 1888 [1V‚
431 1833 495 1887 5]‚
534 1832 655 1874 cuius
689 1835 962 1888 segmentum
995 1833 1053 1874 sit
1087 1836 1241 1889 ΘΖΗ,
1273 1836 1316 1875 et
1347 1848 1445 1876 con-

188 1934 231 1969 In
267 1934 327 1980 fig,
363 1935 442 1971 cod.
475 1935 562 1971 Vat.
605 1937 675 1971 ΖΘ
713 1936 751 1970 et
789 1939 868 1971 AH
903 1936 1231 1982 perpendiculares
1270 1939 1357 1972 sunt
1394 1937 1444 1972 ad

99 1982 186 2025 ΘΗ,
210 1983 281 2016 ΖΚ
303 1983 341 2016 et
365 1985 453 2018 ΛΜ
473 1982 625 2027 oblique
651 1983 797 2018 ductae.
848 1985 991 2018 rectam
1020 1986 1085 2019 ΖΛ
1112 1995 1182 2020 om.
1203 1984 1364 2020 Vatvb.
1403 1984 1444 2020 in

40 2059 42 2062 ,
94 2027 216 2072 priore
241 2028 359 2074 figura
385 2030 464 2065 cod.
484 2030 508 2064 b
539 2031 575 2064 Δ
594 2033 706 2065 ΑΒΓ
727 2030 983 2075 aequicrurius
1011 2033 1084 2075 est3
1110 2031 1150 2066 in
1176 2031 1297 2067 altera
1322 2032 1443 2077 figura

96 2075 134 2109 et
158 2074 198 2109 in
223 2077 329 2110 textu
351 2088 419 2121 pro
446 2080 486 2112 H
506 2076 594 2113 hab.
622 2080 655 2113 E
680 2077 716 2112 b.

192 2171 226 2214 1)
250 2169 423 2205 Euclides
447 2170 509 2206 hic
533 2171 647 2216 paulo
673 2171 822 2207 brevior
842 2174 898 2207 est
923 2183 1036 2216 quam
1056 2173 1168 2218 solet3
1194 2173 1250 2209 ita
1271 2174 1444 2209 concludi

96 2215 237 2252 uoluit:
263 2216 440 2260 quoniam
463 2218 562 2254 ratio
590 2221 661 2254 ΓΕ
676 2235 683 2255 :
698 2222 769 2254 ΛΖ
795 2219 886 2254 data
912 2221 985 2265 est,
1013 2222 1051 2255 et
1075 2223 1205 2255 AZ=
1223 2224 1299 2266 ZB,
1326 2221 1443 2256 etiam

94 2262 192 2298 ratio
210 2265 304 2300 PE:
323 2266 385 2300 ZB
406 2264 496 2301 data
510 2265 591 2301 erit.
623 2277 754 2301 uerum
766 2266 864 2301 ratio
883 2269 946 2301 ZB
962 2283 969 2302 z
985 2269 1053 2302 ΕΔ
1073 2268 1163 2303 data
1178 2271 1236 2304 est
1249 2269 1443 2314 (hypoth.).

96 2321 211 2355 quare
237 2310 352 2346 etiam
377 2311 474 2347 ratio
501 2315 598 2349 I'E:
615 2316 681 2349 ΕΔ
708 2314 798 2348 data
825 2315 882 2349 est
909 2315 1026 2360 [prop.
1045 2315 1158 2362 VIH].
