1520 2508
173 90 201 125 L
608 113 610 115 .
655 90 1017 125 PROLEGOMENA.

171 194 245 218 non
275 183 392 217 audeo
424 182 637 217 discernere.
693 191 811 226 neque
842 181 963 216 minus
995 181 1124 216 dubito
1156 181 1201 216 de
1230 193 1265 226 p.
1288 185 1371 226 152,
1388 185 1494 229 4-5,

172 235 348 280 quoniam
367 235 481 269 uerba
500 234 565 269 lin.
580 237 601 268 3
622 235 679 278 ἴση
694 254 739 260 -
753 237 773 268 6
792 231 921 273 δοθείς
944 233 984 267 in
1002 233 1026 267 b
1051 233 1197 268 librarii
1221 233 1362 268 incuria
1381 232 1496 268 inter-

174 287 352 323 ciderunt.
395 287 460 321 sed
478 285 716 321 manifestum
740 287 806 330 est,
831 285 953 321 locum
978 296 1000 320 a
1025 285 1272 330 compluribus
1297 285 1495 330 interpola·

172 339 316 375 toribus
334 338 569 383 inquinatum
588 348 678 373 esse.
709 348 796 372 nam
814 339 856 372 ut
873 337 968 372 illud
985 337 1212 383 τετράγωνον
1226 337 1294 383 γάρ
1314 337 1493 382 omittam,

175 391 362 436 σύγκειται
386 390 455 436 γάρ
480 390 520 424 in
543 390 671 435 primis
696 401 739 425 eo
763 389 860 433 loco,
892 389 957 425 ubi
982 390 1282 435 deprehendissur,
1309 389 1399 434 quid
1423 389 1495 424 sibi

174 443 277 488 uelit,
302 453 377 477 non
401 442 588 488 intellego,
613 453 681 477 nec
704 441 835 486 magis,
860 441 1043 485 quomodo
1068 452 1113 476 ex
1137 442 1194 486 iis,
1219 452 1314 486 quae
1332 441 1495 487 proxime

175 495 409 539 antecedunt,
436 494 628 539 efficimur,
654 493 836 529 rabionem
859 497 925 528 AZ
945 510 953 529 :
974 496 1046 528 ΕΔ
1073 494 1200 529 datam
1225 505 1314 539 esse,
1339 494 1380 528 id
1397 494 1496 538 quod

173 548 366 592 praeterea
394 545 490 580 nulli
519 546 579 581 hic
612 545 696 580 usui
727 546 799 588 est3
831 556 866 581 u.
890 557 925 589 p.
948 549 1014 580 153
1033 548 1108 582 not.
1157 547 1299 582 restant
1323 545 1389 580 alii
1411 546 1494 591 loci,

174 599 308 644 quibus
332 609 407 632 non
431 598 664 633 mediocriter
688 597 862 642 offendar,
887 597 992 632 uelut
1014 610 1048 643 p.
1067 602 1121 643 78,
1135 603 1155 634 6
1176 597 1324 633 δέδοται
1338 618 1381 623 -
1396 601 1414 632 7
1436 611 1495 643 με·

174 653 297 697 γέθει;
322 663 358 696 p.
380 654 457 695 126,
480 654 522 685 16
549 649 657 696 ἐχέτω
677 671 721 676 -
742 654 784 684 17
811 647 1030 694 δεδομένον;
1057 650 1121 685 sed
1146 650 1314 685 codicum
1338 649 1495 685 auctori-

174 704 292 739 tatem
315 702 426 737 nimis
451 702 679 738 labefactare
703 701 828 737 nolim.
867 702 911 736 de
936 701 1283 747 interpolationibus
1309 713 1331 736 a
1350 701 1496 737 Theone

175 755 335 791 excussis
362 766 472 800 supra
497 755 638 790 dictum
662 755 728 790 est.
754 775 798 780 —
826 766 861 799 p.
884 757 961 798 132,
981 757 1025 788 20
1052 752 1126 788 ἔστι
1145 775 1188 779 -
1209 758 1251 788 21
1278 756 1434 789 δοθεῖσα
1458 754 1498 788 in

176 809 358 854 adparatu
389 818 437 842 cr.
471 807 678 852 significaui
708 807 865 842 fortasse
897 805 1123 851 interpolata
1154 817 1244 841 esse.
1305 806 1404 850 quod
1434 817 1497 841 cur

175 871 250 895 non
269 859 576 906 adseuerauerim,
597 861 689 895 duas
708 858 940 905 potissimum
957 857 1075 893 habeo
1097 869 1238 902 causas,
1258 869 1380 902 unam,
1399 858 1498 902 quod.

176 912 348 947 Euclides
373 912 487 956 nullo,
513 913 693 956 quantum
711 910 871 955 memini,
897 910 978 945 loco
999 909 1126 945 eodem
1144 910 1341 945 breuitatis
1366 920 1497 956 genere

175 965 303 1009 utitur,
322 965 490 1008 alteram,
510 964 609 1008 quod
626 964 813 998 Theonem
832 961 997 1007 suspicor
1015 962 1110 996 nihil
1128 962 1241 998 fuisse
1260 963 1497 1006 mutaturum,

177 1018 208 1052 si
239 1017 306 1051 illa
336 1017 451 1051 uerba
481 1016 520 1050 in
554 1015 754 1061 exemplari
786 1014 863 1049 eius
895 1013 1106 1049 defuissem.
1157 1025 1311 1058 cumque
1337 1014 1377 1048 in
1401 1026 1497 1049 com-

175 1068 278 1103 muni
314 1069 416 1103 fonte
453 1068 558 1103 codd.
584 1067 735 1103 PVat.v
771 1066 849 1101 sine
886 1065 998 1100 dubio
1034 1065 1193 1110 margini
1230 1077 1340 1111 supra.
1377 1066 1498 1111 ipsum

177 1120 356 1156 scholium
373 1131 426 1154 nr.
443 1123 508 1154 143
529 1118 716 1164 adscripta,
736 1119 868 1163 essent,
893 1129 967 1152 non
986 1118 1108 1163 potest
1126 1128 1205 1152 esse
1229 1118 1372 1162 mirum,
1398 1118 1497 1162 quod

180 1175 217 1208 et
240 1172 413 1207 librarius
439 1171 574 1206 codicis
599 1171 684 1206 Vah.
711 1170 957 1214 existimauit,
983 1170 1190 1205 omissionis
1216 1170 1362 1216 signum
1386 1170 1499 1206 etiam

179 1225 227 1260 ad
245 1224 360 1259 uerba
378 1223 488 1258 huius
509 1222 640 1258 scholii
657 1222 851 1268 pertinere,
872 1223 910 1257 et
927 1222 1100 1257 librarius
1120 1222 1256 1258 codicis
1269 1234 1292 1257 v
1311 1222 1405 1257 fflud
1424 1222 1498 1258 ἔστι

143 1275 149 1280 ’
179 1277 219 1312 δὲ
245 1276 310 1311 καὶ
331 1275 354 1319 ἡ
380 1275 452 1310 ’ὑπὸ
472 1278 578 1310 ΚΓΒ
604 1276 761 1310 δοθεῖσα
786 1276 929 1319 partem
954 1274 1032 1309 eius
1052 1285 1131 1310 esse
1150 1273 1411 1320 interpretatus
1431 1277 1497 1311 est.

271 1328 414 1363 Primus
435 1328 480 1362 de
499 1327 679 1362 Datorum
697 1326 791 1361 libro
811 1327 958 1372 Pappus
978 1326 1184 1361 accurat-ius
1204 1327 1372 1372 exposuit
1390 1329 1500 1372 atque

178 1382 218 1416 in
248 1391 290 1415 eo
322 1379 540 1424 exemplari,
577 1379 676 1423 quod
711 1378 751 1413 in
786 1378 957 1413 manibus
993 1378 1173 1423 habebat,
1210 1379 1501 1424 propositionum

178 1443 384 1476 numerum,
411 1431 443 1466 si
468 1442 551 1466 cum
575 1430 710 1466 nostris
735 1429 923 1465 codicibus
948 1430 1165 1475 contuleris,
1196 1431 1302 1476 patet
1324 1431 1501 1467 minorem

178 1485 302 1521 fuisse.
352 1483 444 1518 dicit
473 1483 572 1518 enim
595 1482 668 1518 uol.
687 1482 722 1517 H
745 1495 779 1528 p.
801 1486 878 1527 638,
900 1486 1058 1528 1-640,
1081 1489 1097 1518 1
1126 1483 1180 1518 ed.
1206 1483 1363 1518 Hultsoh
1392 1483 1499 1520 haee:

178 1536 340 1583 περιέχει
359 1536 399 1571 δὲ
419 1535 460 1571 τὸ
479 1541 623 1580 πρῶτον
638 1536 790 1582 βιβλίον,
810 1533 898 1579 ὅπερ
913 1532 1010 1570 ἐστὶν
1028 1541 1099 1570 τῶν
1115 1533 1334 1580 δεδομένων,
1354 1534 1500 1570 ἅπαντα

179 1588 403 1634 θεωρήματα
435 1585 673 1631 ἐνενήκοντα·
712 1584 763 1622 ὧν
793 1592 919 1631 πρῶτα
952 1587 1020 1632 μὲν
1050 1586 1215 1622 καθόλου
1241 1583 1303 1622 ἐπὶ
1333 1590 1500 1633 μεγεθῶν

180 1640 442 1687 διαγράμματα
467 1639 540 1685 κγ’,
577 1639 618 1674 τὸ
651 1639 691 1674 δὲ
723 1639 761 1674 δ’
788 1639 852 1674 καὶ
876 1639 913 1674 κ’
941 1636 980 1674 ἐν
1008 1640 1174 1679 εὐθείαις
1198 1635 1295 1674 ἐστὶν
1320 1638 1500 1684 ἀνάλογον

181 1694 271 1729 ἄνευ
295 1692 444 1733 θέσεως.
499 1691 545 1726 τὰ
575 1692 616 1727 δὲ
643 1688 725 1736 ἑξῆς
750 1691 896 1732 τούτοις
922 1692 972 1726 ιδ’
1001 1689 1041 1729 ἐν
1074 1692 1238 1731 εὐθείαις
1270 1687 1366 1726 ἐστὶν
1396 1690 1502 1726 θέσει

183 1744 416 1790 δεδομέναις·
448 1744 494 1780 τὰ
523 1743 565 1779 δὲ
589 1743 731 1784 τούτοις
762 1741 844 1789 ἑξῆς
868 1744 896 1779 ι’
924 1741 985 1779 ἐπὶ
1008 1744 1191 1789 τριγώνων
1217 1741 1313 1778 ἐστὶν
1338 1747 1386 1790 τῷ
1411 1744 1502 1779 εἴδει

182 1797 391 1844 δεδομένων
423 1797 514 1832 ἄνευ
544 1795 693 1837 θέσεως.
745 1796 791 1831 τὰ
821 1796 862 1831 δὲ
894 1793 976 1841 ἑξῆς
1005 1796 1146 1836 τούτοις
1170 1795 1201 1838 ζ’
1229 1792 1289 1830 ἐπὶ
1318 1794 1501 1840 τυχόντων

184 1848 281 1886 ἐστὶν
313 1849 584 1895 εὐθυγράμμων
615 1850 755 1894 χωρίων
787 1850 878 1884 εἴδει
907 1846 1115 1893 δεδομένων
1146 1848 1236 1882 ἄνευ
1259 1846 1408 1887 θέσεως.
1456 1846 1502 1882 τὰ

183 1903 224 1938 δὲ
257 1900 339 1947 ἑξῆς
370 1902 511 1942 τούτοις
536 1902 572 1940 ς’
601 1899 640 1937 ἐν
663 1900 1051 1946 παραλληλογράμμοις
1082 1897 1156 1935 ἐστὶ
1187 1899 1250 1934 καὶ
1275 1901 1502 1946 παραβολαῖς

184 1957 275 1991 εἴδει
306 1953 515 2000 δεδομένων
545 1956 696 1999 χωρίων.
750 1959 822 1988 τῶν
854 1953 895 1988 δὲ
927 1949 1109 1998 ἐχομένων
1136 1951 1167 1987 ε’
1194 1952 1234 1987 τὸ
1261 1951 1327 1997 μὲν
1356 1957 1500 1996 πρῶτον

183 2005 420 2052 γραφόμενόν
446 2005 559 2050 ἔστιν,
591 2006 636 2041 τὰ
661 2006 702 2041 δὲ
727 2005 765 2040 δ’
793 2003 854 2041 ἐπὶ
880 2005 1062 2051 τριγώνων
1088 2005 1245 2049 χωρίων,
1278 2002 1333 2039 ὅτι
1357 2002 1399 2038 αἱ
1421 2004 1503 2038 δια-

184 2059 299 2104 φοραὶ
316 2065 388 2094 τῶν
408 2058 599 2104 δυνάμεων
624 2064 695 2093 τῶν
714 2061 878 2103 πλευρῶν
902 2057 993 2102 πρὸς
1010 2062 1124 2091 ταῦτα
1149 2055 1194 2091 τὰ
1211 2057 1369 2101 τρίγωνα
1387 2057 1502 2100 χωρία

185 2110 292 2156 λόγον
318 2111 463 2157 ἔχουσιν
488 2109 699 2156 δεδομένον.
749 2110 794 2145 τὰ
825 2110 865 2146 δὲ
898 2106 980 2154 ἑξῆς
1004 2108 1035 2151 ζ’
1063 2107 1130 2149 ἕως
1158 2114 1223 2143 τοῦ
1250 2108 1284 2143 ο’
1311 2107 1373 2142 καὶ
1397 2107 1433 2152 γ’
1461 2104 1501 2142 ἐν

185 2164 270 2199 δυσὶ
292 2163 690 2209 παραλληλογράμμοις,
716 2161 772 2198 ὅτι
796 2162 859 2198 διὰ
882 2162 947 2202 τὰς
971 2161 1011 2196 ἐν
1030 2165 1109 2201 ταῖς
1134 2161 1281 2206 γωνίαις
1306 2158 1503 2200 ὑποθέσεις

185 2213 226 2251 ἐν
257 2214 469 2261 δεδομένοις
499 2213 596 2250 ἐστὶν
626 2215 746 2259 λόγοις
774 2215 865 2260 πρὸς
895 2214 1046 2258 ἄλληλα,
1084 2212 1166 2248 ἕνια
1196 2211 1236 2247 δὲ
1262 2211 1398 2247 τούτων
1423 2208 1502 2246 ἐπι-

185 2268 312 2314 λόγους
343 2268 417 2313 ἔχει
449 2267 596 2313 ὁμοίους
626 2264 666 2302 ἐν
697 2267 779 2302 δυσὶ
809 2267 1007 2312 τριγώνοις.
1058 2262 1097 2300 ἐν
1129 2264 1168 2300 δὲ
1200 2269 1275 2305 τοῖς
1306 2263 1438 2309 ἐφεξῆς
1461 2263 1499 2301 ς’
