1520 2508
659 107 798 142 DATA.
1349 103 1409 145 49

63 206 287 264 positione.
349 183 463 260 dico,
500 206 586 246 AB
620 204 766 246 datam
797 218 890 246 esse
921 202 1136 259 positione
1168 204 1213 243 et
1243 200 1409 257 magni-

0 330 2 338 :
65 277 220 322 tudine.
1126 330 1128 332 -

0 345 4 364 ”
151 362 250 389 nam
281 346 318 388 si
347 348 547 388 manente
580 347 742 400 puncto
775 347 818 386 A
847 347 990 386 rectae
1023 346 1109 386 AB
1142 345 1217 386 aut
1248 342 1411 398 positio

0 379 29 486 ι
66 421 140 461 aut
181 416 432 473 magnitudo
475 415 734 471 mutabitur,
777 415 910 457 etiam
951 417 1162 470 punctum
1204 416 1241 456 Β
1286 413 1413 455 aliter

0 484 1 489 ’
853 485 987 528 cadet.
1051 485 1125 527 sed
1160 499 1250 527 non
1286 483 1413 526 aliter

20 529 28 618 f
66 529 782 564 “ff“
841 557 957 600 cadit
1012 556 1118 611 [def.
1160 555 1228 611 4].
1308 569 1412 611 ergo

66 630 163 673 data
193 632 258 671 est
288 631 406 671 recta
436 631 523 670 AB
553 627 770 683 positione
802 631 846 670 et
876 628 1185 684 magnitudine.

18 772 25 822 s‘
646 804 824 847 XXVII.

156 899 201 942 Si
242 903 382 942 rectae
423 898 561 941 lineae
603 899 819 954 positione
865 903 909 942 et
947 898 1244 955 magnitudine
1288 898 1413 940 datae

16 982 24 1056 Ῥ
66 986 175 1014 unus
210 970 419 1013 terminus
452 970 576 1012 datus
609 973 687 1026 est,
718 970 851 1012 etiam
882 970 992 1012 alter
1023 970 1149 1012 datus
1182 969 1275 1012 erit.

16 1059 19 1066 ’
154 1044 296 1084 rectae
334 1040 448 1082 enim
483 1040 622 1082 lineae
659 1043 746 1082 AB
783 1041 998 1096 positione
1039 1043 1082 1083 et
1118 1040 1416 1097 magnitudine

68 1113 191 1155 datae
223 1126 334 1154 unus
367 1111 577 1153 terminus
609 1115 651 1153 A
683 1111 809 1153 datus
842 1111 910 1154 sit.
969 1111 1084 1167 dico,
1115 1111 1247 1153 etiam
1277 1113 1315 1153 B
1348 1111 1419 1153 da—

792 1185 887 1224 tum
918 1197 1024 1226 esse.
1406 1219 1411 1222 .

831 1267 934 1295 nam
945 1253 982 1295 si
996 1256 1195 1295 manente
1205 1256 1367 1309 puncto
1375 1256 1419 1295 A

69 1323 191 1366 aliter
223 1324 344 1366 cadet
376 1327 585 1379 punctum
616 1326 672 1379 B,
703 1323 834 1366 etiam
865 1327 1006 1366 rectae
1032 1326 1118 1366 AB
1150 1327 1226 1365 aut
1256 1323 1418 1379 positio

13 1387 19 1464 'f
69 1397 144 1437 aut
174 1395 425 1451 magnitudo
458 1395 709 1438 mutabitur.
772 1395 846 1437 sed
879 1409 968 1436 non
1001 1398 1195 1437 mutatur
1228 1394 1326 1447 [def.
1359 1395 1418 1447 4].

69 1479 170 1521 ergo
195 1468 402 1520 punctum
427 1467 464 1506 B
491 1465 640 1507 datum
665 1467 742 1507 est.

67 1225 96 1258 A

162 1733 207 1777 Si
232 1749 309 1790 per
333 1735 483 1777 datum
506 1738 716 1790 punctum
740 1739 882 1778 rectae
908 1735 1125 1790 positione
1151 1736 1276 1778 datae
1303 1738 1421 1777 recta

71 1804 184 1847 linea
215 1806 419 1860 parallela
450 1806 633 1862 ducitur,
664 1807 793 1849 ducta
823 1810 942 1849 recta
973 1807 1075 1849 data
1100 1809 1167 1849 est
1191 1806 1420 1862 positione.

160 1890 260 1917 nam
291 1891 367 1931 per
404 1876 553 1919 datum
589 1880 799 1932 punctum
830 1880 873 1919 A
909 1880 1052 1920 rectae
1084 1879 1174 1919 ΒΓ
1203 1877 1421 1932 positione

73 1945 196 1987 datae
228 1946 432 2001 parallela
470 1947 651 1988 ducatur
681 1949 799 1988 recta
830 1950 975 1989 AAE.
1037 1947 1152 2002 dico,
1190 1949 1327 1989 AAE
1355 1946 1426 1988 da-

73 2018 166 2057 tam
197 2030 289 2057 esse
319 2016 545 2070 positione.

163 2100 264 2128 nam
301 2085 338 2127 si
374 2086 535 2142 minus,
574 2090 735 2142 puncto
768 2091 810 2129 A
847 2090 1047 2130 manente
1084 2087 1245 2143 positio
1279 2091 1424 2130 rectae

11 1589 18 1742 ᾧ
584 1600 587 1601 ⁷
639 1641 840 1684 XXVIII.

11 1743 13 1786 Ι

8 2125 11 2138 ·
8 2018 15 2063 *vv
10 1875 16 1938 --«
10 1816 17 1844 -r

7 2231 14 2278 i
126 2287 179 2319 19.
207 2281 388 2330 δεδομένη
414 2284 446 2330 β.
542 2288 598 2320 20.
626 2286 799 2332 εὐθεῖαν]
826 2297 898 2322 om.
922 2286 957 2332 β,
983 2286 1116 2322 swam
1142 2297 1174 2321 a.
1273 2286 1422 2332 εὐθεῖα]

6 2306 14 2380 ξ
78 2331 226 2367 εὐθεῖαι
250 2331 335 2366 Vat.
432 2335 487 2367 22.
513 2330 633 2379 θέσει]
660 2331 770 2368 θέσιν
796 2343 828 2368 a.

149 2396 174 2422 E
181 2404 202 2423 u
209 2397 290 2423 olid
298 2405 313 2423 ο
321 2405 349 2431 s,
369 2397 433 2424 edd.
449 2397 585 2430 Heiberg
604 2400 635 2424 et
653 2399 772 2432 Menge.
800 2399 854 2425 VI.
1186 2396 1208 2427 4
