1520 2508
623 104 764 138 DATA.
836 72 838 74 Ι
1096 68 1106 79 “
1286 100 1378 143 139,

24 201 123 249 data
147 203 224 255 est,
254 202 297 242 et
322 198 469 255 anguli
501 200 554 241 ad
581 202 743 255 puncta
768 202 819 255 Β,
838 202 880 242 Ε
907 199 1043 255 positi
1068 201 1143 241 aut
1169 198 1370 253 aequales

4 247 124 316 launi
154 273 229 325 aut
258 270 516 326 inaequales,
548 271 622 312 sed
654 271 756 312 dati.
806 285 937 326 quare
969 270 1101 312 etiam
1132 269 1244 322 ratio
1275 284 1371 325 par-

3 315 7 322 v

0 326 12 338 >¹⁴

0 333 332 399 ³allelogrammi
369 343 458 384 ΓΚ
485 342 538 383 3ἀ
567 341 1026 398 parallelogrammum
1051 343 1092 383 A
1102 344 1138 383 Z
1169 341 1272 383 data
1303 343 1370 382 est

25 413 162 471 [prop.
189 412 338 469 LXX}
398 413 545 468 itaque
584 412 716 455 etiam
753 413 865 455 ratio
903 412 1113 468 trianguli
1141 415 1188 476 ,Α
1195 413 1286 454 ΒΓ
1316 411 1370 454 3ἀ

22 484 287 540 triangulum
317 487 452 526 AEZ
484 484 584 526 data
615 486 694 525 est·
714 482 763 539 [I,
789 484 865 540 413
895 483 950 538 V,
976 483 1049 539 153
1081 483 1161 525 def.
1189 482 1248 539 2].
1294 527 1298 533 ,
1380 545 1387 550 Α

597 602 796 644 LXXIII.
1180 644 1185 651 ,

6 660 23 721 ’,
111 672 157 716 Si
187 673 232 715 in
264 674 430 715 duobus
462 673 881 730 parallelogrammis
912 673 1051 715 latera
1081 672 1264 729 angulos
1293 675 1368 714 aut

23 744 220 800 aequales
240 747 315 786 aut
334 744 593 800 inaequales,
619 745 693 786 sed
715 745 853 800 datos,
878 743 1286 799 comprehendentia
1303 743 1368 785 ita

26 829 71 858 se
99 814 271 868 habent,
302 817 352 856 ut
383 814 453 870 sit,
483 817 533 856 ut
558 830 692 857 unum
716 815 832 857 latus
856 814 987 870 primi
1012 815 1066 857 ad
1090 829 1225 856 unum
1250 815 1367 856 latus

20 873 210 941 alterius,
240 885 302 927 ita
338 885 552 941 reliquum
582 885 697 928 latus
723 886 899 928 alterius
933 886 987 928 ad
1020 886 1151 928 aliam
1177 886 1368 942 aliquam

21 959 194 1013 rectam,
225 959 268 998 et
292 956 506 1011 reliquum
530 957 644 999 latus
669 957 799 1012 primi
832 957 884 999 ad
909 956 1267 1005 hanc.rationem
1297 957 1368 999 da-

21 1029 110 1073 tam
140 1027 284 1084 habet,
315 1028 446 1070 etiam
469 1028 566 1083 ipsa
589 1028 996 1084 parallelogramma
1024 1028 1140 1070 inter
1165 1043 1210 1070 se
1236 1028 1367 1071 ratio-

17 1112 118 1150 ,nem
147 1099 370 1142 habebunt
401 1100 556 1141 datam.
929 1098 934 1103 ’

96 1173 207 1211 'nam
244 1170 290 1211 in
327 1170 493 1212 duobus
526 1170 942 1226 parallelogrammis
974 1173 1076 1226 AB,
1100 1173 1199 1212 EH
1229 1171 1367 1213 latera

21 1240 199 1298 angulos
215 1241 621 1296 comprehendentia
635 1244 710 1283 aut
721 1241 919 1296 aequales
934 1244 1009 1283 aut
1022 1241 1283 1298 inaequales,
1293 1243 1368 1284 sed

941 1313 1078 1368 datos,
1098 1312 1172 1368 qui
1193 1313 1246 1355 ad
1266 1315 1314 1369 Γ,
1330 1317 1366 1356 Ζ

28 1396 501 1535 Αι“ῌ,ᾼ-ἠψΛ
609 1408 611 1431 2
883 1397 886 1400 ⁴
934 1383 1069 1439 positi
1125 1387 1249 1440 sunt,
1302 1385 1367 1427 ita

936 1455 1050 1497 inter
1088 1470 1132 1497 se
1163 1455 1365 1511 habeant,

461 1471 463 1488 ι
609 1434 611 1456 “
816 1429 819 1488 ἰ

24 1537 307 1570 Γῑ--ὴ-
366 1550 424 1552 -
451 1496 502 1570 ΜῚΒ
608 1457 611 1556 l
816 1489 819 1575 1
934 1529 984 1568 ut
1028 1526 1086 1568 sit
1129 1528 1210 1568 ΓΒ
1237 1542 1246 1568 :
1274 1530 1372 1569 ΖΗ

67 1553 70 1635 l
460 1608 462 1659 g
608 1561 610 1687 ἱ
816 1586 818 1655 3
936 1617 992 1631 =
1018 1600 1126 1639 EZ:
1154 1599 1264 1654 ΓΚ,
1321 1601 1364 1641 et

20 1637 71 1747 K}
467 1716 500 1750 Θ
573 1716 601 1748 Z
816 1661 866 1749 lH
940 1668 1052 1711 ratio
1114 1671 1244 1711 AF:
1272 1671 1369 1711 ΓΚ

936 1740 1037 1782 data
1092 1740 1160 1782 sit.
1250 1740 1364 1795 dico,

20 1808 149 1851 etiam
178 1810 569 1868 parallelogrammi
597 1813 678 1854 ΓΔ
709 1812 762 1853 3ἀ
792 1811 1248 1867 parallelogrammum
1271 1815 1370 1854 EH

22 1879 232 1922 rationem
263 1881 407 1924 datam
438 1897 542 1924 esse.

109 1949 166 1991 sit
201 1951 314 1994 enim
354 1952 472 2008 prius
510 1956 597 1995 AB
640 1953 1048 2009 parallelogrammo
1086 1956 1185 1995 EH
1222 1954 1364 2009 aequi-

21 2020 238 2080 angulum,
255 2024 298 2064 et
317 2023 553 2079 adplicetur
571 2028 714 2067 rectae
734 2026 825 2066 ΒΓ
842 2024 1248 2081 parallelogrammo
1268 2028 1369 2067 EH

21 2091 197 2146 aequale
231 2093 684 2151 parallelogrammum
724 2097 809 2137 ΓΘ
824 2093 857 2152 ¹)
897 2098 940 2137 et
975 2095 1039 2137 ita
1069 2099 1276 2152 ponatur,
1311 2100 1362 2139 u't

69 2177 85 2239 J
112 2196 191 2242 Fig.
220 2208 289 2233 om.
315 2197 354 2233 P.

58 2323 62 2327 ,
113 2293 146 2337 1)
171 2272 279 2345 Hanc
297 2292 624 2330 demonstrationis
643 2295 790 2339 partem
809 2294 946 2329 falsam
966 2305 1046 2330 esse
1072 2295 1241 2342 adparet.
1285 2293 1361 2342 priss

18 2349 118 2375 mum
154 2342 253 2374 e'mm
289 2340 527 2386 supponitur,
567 2341 726 2376 alterum
762 2341 1106 2388 parallelogrammi
1145 2345 1223 2380 ΓΘ
1259 2343 1360 2379 latus
