1520 2508
169 124 255 166 230
712 125 958 158 ΑΡΡΕΝΒῙΧ.

256 216 346 260 ἐπεὶ
377 222 447 271 ἴση
480 216 597 259 ἐστὶν
627 218 653 272 ἡ
678 215 757 272 μὲν
783 220 863 259 ΒΑ
893 225 944 274 τῇ
968 219 1060 272 ΓΖ,
1090 217 1117 272 ἡ
1143 216 1191 260 δὲ
1210 221 1297 260 ΔΒ
1322 220 1373 274 τῇ
1392 222 1435 260 Δ
1500 223 1520 266 ff

169 289 249 329 δύο
287 288 340 341 δὴ
378 287 427 328 αι
458 290 564 341 ΑΒ,
597 290 680 328 ΒΛ
722 285 822 329 δυσὶ
864 295 958 336 ταῖς
995 290 1094 342 ΖΓ,
1127 289 1206 329 ΓΛ
1249 291 1339 330 ἴσαι
1381 289 1447 330 εἰσ
1480 291 1511 330 ·.

169 355 345 411 ἑκατέρα
382 355 576 414 ἑκατέρᾳ·
624 355 696 398 καὶ
739 358 876 410 γωνία
918 357 944 411 ἡ
980 356 1065 398 ὑπὸ
1102 359 1233 398 ΑΒΔ
1269 359 1406 414 γωνίᾳ
1440 371 1490 409 τὶ,

168 426 252 467 ὑπὸ
289 432 378 467 τῶν
413 428 546 467 ΔΓΖ
583 425 700 467 ἐστιν
738 430 828 480 ἴση,
871 425 1097 481 ἐπειδήπερ
1134 426 1182 468 ἐν
1217 427 1359 483 κύκλῳ
1404 425 1492 468 ἐστ’
1512 446 1520 482 ῑ;

123 507 143 537 5
169 495 216 536 τὸ
248 497 432 536 ΑΒΔΓ
461 495 796 551 τετράπλευρον·
839 495 965 549 βάσις
995 496 1079 551 ἄρα
1109 494 1135 548 ἡ
1167 499 1253 536 ΑΔ
1289 495 1411 549 βάσει

168 567 257 605 ΔΖ
288 563 407 605 ε’στιν
438 568 527 618 ἴση,
563 563 636 606 καὶ
667 565 715 605 τὸ
746 567 878 620 ΑΒΔ
913 566 1128 619 τρίγωνον
1158 570 1218 620 τῷ
1251 566 1374 606 ΓΔΖ
1404 556 1515 619 τρι-ἷ-

169 633 296 690 γώνςο
335 631 452 675 ἐστὶν
490 637 606 688 ἴσον,
647 631 720 675 καὶ
757 634 806 675 αἰ
833 632 979 675 λοιπαὶ
1009 635 1165 687 γωνίαι
1199 640 1294 682 ταῖς
1324 632 1517 686 λοιπαῖς

168 704 348 755 γωνίαις
384 706 474 744 ἴσαι
510 705 700 756 ἔσονται,
743 701 822 758 ὑφ’
862 703 912 761 ἃς
949 703 997 744 αῖ
1030 707 1120 744 ἴσαι
1162 701 1344 758 πλευραὶ
1385 694 1493 744 ὑπο--ἑ
1518 752 1520 755 .

167 774 404 814 τείνουσιν·
449 776 519 825 ἴση
551 773 634 827 ἄρα
666 770 783 813 ἐστὶν
821 772 847 826 ἡ
877 772 962 813 ὑπὸ
993 779 1081 813 τῶν
1113 775 1239 813 ΒΑΔ
1275 773 1411 825 γωνία
1441 768 1493 828 τῇ

100 853 144 884 10
167 840 252 882 ὑπὸ
289 848 378 883 τῶν
407 843 560 882 ΔΖΓ·
604 841 787 883 δοθεῖσα
824 840 876 882 δέ
909 841 1027 883 ἐστιν
1062 841 1088 895 ἡ
1124 841 1209 882 ὑπὸ
1246 848 1334 882 τῶν
1368 844 1493 883 ΒΑΔ

166 912 320 963 γωνία·
353 911 536 952 δοθεῖσα
566 911 650 966 ἄρα
681 909 771 952 ἐστὶ
800 909 872 951 καὶ
902 910 928 963 ἡ
959 910 1044 952 ὑπὸ
1069 917 1157 951 τῶν
1182 912 1320 951 ΔΖΓ
1344 903 1492 963 γωνίας
1515 913 1518 958 ξ

167 981 258 1020 ἔστι
289 977 336 1020 δὲ
366 978 438 1020 καὶ
463 979 488 1033 ἡ
519 978 604 1021 ὑπὸ
635 985 723 1021 τῶν
754 982 884 1021 ΔΑΖ
915 981 1052 1032 γωνία
1083 979 1282 1020 δοθεῖσα·
1320 978 1499 1021 δέδοτα

167 1049 251 1104 ἄρα
281 1049 329 1090 τὸ
361 1052 448 1090 ΑΔ
457 1051 492 1090 Ζ
523 1050 739 1104 τρίγωνον
769 1054 827 1105 τῷ
861 1049 984 1090 εἴδει·
1028 1050 1155 1101 λόγος
1184 1049 1268 1103 ἄρα
1299 1047 1389 1090 ἐστὶ
1419 1054 1494 1103 τῆ

169 1120 249 1159 ΖΑ
282 1118 392 1173 πρὸς
427 1119 506 1172 τὴν
543 1121 630 1159 ΑΔ
668 1118 836 1167 δοθείς·
885 1118 911 1171 ἡ
949 1115 997 1158 δὲ
1034 1120 1121 1159 ΑΖ
1164 1119 1468 1172 συναμφότερό
1496 1144 1500 1146 -

69 1198 142 1230 ’15
167 1186 285 1228 ἐστιν
327 1187 353 1241 ἡ
393 1189 524 1228 ΒΑΓ
559 1187 633 1228 διὰ
676 1188 724 1229 τὸ
769 1191 868 1240 ἴσην
910 1183 1021 1228 εἶναι
1063 1187 1143 1240 τὴν
1180 1188 1262 1228 ΓΖ
1304 1193 1355 1242 τῇ
1394 1190 1490 1228 ΒΑ“

167 1258 295 1309 λόγος
325 1257 409 1311 ἄρα
440 1255 530 1298 ἐστὶ
560 1255 894 1311 συναμφοτέρου
919 1261 994 1310 τῆς
1019 1258 1149 1297 ΒΑΓ
1172 1256 1280 1311 πρὸς
1304 1257 1383 1310 τὴν
1408 1260 1481 1297 ΑΔ

169 1325 328 1374 δοθείς.

254 1393 327 1436 καὶ
357 1395 516 1449 ὁμοίως
546 1401 605 1452 τῷ
636 1397 849 1451 πρότερον
877 1394 1084 1449 δείξομεν,
1116 1395 1182 1436 ὅτι
1206 1395 1254 1436 τὸ
1279 1394 1364 1436 ὑπὸ
1389 1405 1472 1436 συν

167 1462 414 1518 αμφοτέρου
445 1470 520 1518 τῆς
550 1466 682 1506 ΒΑΓ
705 1463 778 1506 καὶ
808 1470 883 1518 τῆς
913 1467 1002 1506 ΕΔ
1033 1463 1169 1506 δοθέν
1200 1463 1328 1506 ἐστιν.

260 1591 291 1623 1.
318 1589 401 1634 ΓΖ]
431 1591 458 1623 Ζ
483 1599 502 1622 e
528 1599 616 1624 corr.
637 1601 682 1623 m.
705 1593 724 1623 2
750 1589 789 1623 Ρ.
874 1590 959 1634 ΔΒ]
986 1592 1047 1623 ΒΔ
1073 1600 1105 1623 a.
1192 1592 1224 1623 2.
1251 1587 1341 1634 ἴσαι]
1367 1599 1435 1622 om.
1457 1598 1489 1622 a.

213 1638 244 1668 3.
272 1633 441 1682 ἑκατέρᾳ]
468 1645 536 1669 om.
564 1646 595 1669 a.
697 1640 762 1679 τῆς
785 1638 884 1669 ΑΒΔ
909 1646 941 1669 a.
1043 1638 1075 1669 4.
1101 1634 1189 1680 τῶν]
1215 1634 1281 1677 τήν
1306 1645 1338 1668 a.
1436 1633 1503 1691 ἐν]

167 1691 236 1715 om.
263 1691 295 1715 a.
403 1681 538 1728 κύκλῳ]
565 1691 681 1725 comp.
708 1692 739 1715 a.
849 1685 879 1714 5.
911 1681 951 1715 τὸ
977 1683 1119 1715 ΑΒΔΓ
1139 1679 1420 1726 τετράπλευρον]
1446 1690 1500 1714 τα,

165 1730 205 1771 A,
225 1730 265 1770 B,
286 1729 326 1770 Γ,
346 1731 379 1761 Δ
403 1733 532 1772 σημεῖα
558 1738 589 1761 a.
687 1730 716 1761 7.
744 1725 823 1761 ἴσον
844 1725 939 1761 ἐστίν
966 1727 997 1761 a'.
1094 1730 1125 1760 8.
1153 1725 1228 1760 ἴσαι
1247 1727 1342 1772 (pr.)]
1368 1724 1431 1760 καί
1456 1737 1488 1760 a.

211 1771 471 1808 ὑποτείνουσαι
490 1784 522 1808 a.
596 1777 648 1807 10.
675 1779 746 1808 τῶν
767 1774 1003 1819 (utrumque)]
1027 1777 1092 1817 τῆς
1110 1784 1142 1815 a,
1169 1772 1260 1806 item
1278 1772 1341 1806 lin.
1358 1775 1412 1815 11,
1436 1776 1486 1806 12.

213 1823 267 1853 11.
294 1821 449 1854 δοθεῖσα
469 1818 618 1854 δέδοται
643 1831 676 1853 v.
775 1822 827 1853 12.
854 1817 984 1864 γωνία]
1012 1830 1080 1853 om.
1104 1830 1136 1852 v,
1221 1818 1309 1853 Post
1335 1819 1491 1852 δοθεῖσα

166 1865 251 1899 add.
271 1866 335 1900 καὶ
353 1866 461 1910 λοιπὴ
487 1865 560 1910 ἄρα
584 1866 607 1910 ἡ
633 1865 705 1900 ὑπὸ
730 1870 794 1910 τῆς
812 1867 913 1900 ΑΔΖ
939 1865 1013 1899 ἐστι
1037 1866 1193 1900 δοθεῖσα
1221 1876 1253 1899 a.
1328 1868 1382 1898 14.
1409 1875 1492 1899 συν-

166 1911 375 1956 αμφότερόν
400 1913 470 1947 Pv.
557 1916 610 1946 15.
637 1911 710 1946 ἐστι
734 1911 802 1946 Pa.
881 1911 920 1957 ἡ]
945 1917 988 1957 τῇ
1007 1922 1039 1945 a.
1124 1911 1206 1956 ΓΖ]
1234 1913 1297 1945 ΓΔ
1316 1922 1348 1944 v.
1436 1911 1509 1944 16.

163 1959 244 2003 τῆς]
270 1969 358 1993 corr.
386 1969 430 1993 ex
454 1963 518 1993 τοῦ
544 1960 687 2003 (comp.)
712 1970 758 1992 m.
786 1962 805 1992 2
831 1958 914 1992 Vat.
