1520 2508
115 99 147 133 X
638 102 911 138 PRAEFATIO.

229 209 251 235 e
275 215 326 228 -——-
347 195 615 237 seholiacod.
634 195 908 238 Laurentiani
926 196 1125 252 XXVIII,
1146 199 1200 241 10
1219 214 1324 242 saec.
1339 199 1431 242 XV.

227 279 251 319 ρ
274 284 326 298 =
348 264 509 306 scholia
534 265 624 306 cod.
642 263 774 307 Paris.
796 264 865 307 Gr.
886 267 999 309 2348
1026 282 1130 309 saec.
1150 267 1273 310 XVII
1297 270 1430 311 maxi-

269 348 382 374 mam
412 336 578 387 partem
607 337 706 389 post
737 335 1002 378 defini‘ciones
1035 339 1078 378 et
1109 337 1299 392 singulas
1335 353 1432 393 pro-

267 403 500 456 positiones
527 404 695 458 scripta,
725 405 930 447 nonnulla
955 409 1096 448 autem
1119 406 1164 447 in
1189 407 1270 448 fine
1297 408 1428 450 totius

266 472 376 514 libri.

221 552 248 583 σ
267 562 321 575 =
342 542 504 584 scholia
528 543 617 584 cod.
636 542 766 585 Paris.
795 542 865 585 Gr.
886 544 998 586 2342
1024 559 1129 587 saec.
1149 545 1264 602 XIV,
1289 547 1430 588 omnia

267 625 395 652 manu
436 612 575 667 prima
609 612 767 667 partim
804 616 1041 655 assramento
1083 615 1231 670 rubro,
1273 616 1430 670 partim

266 680 385 723 fusco
406 682 581 738 seripta3
606 698 645 723 u.
664 682 860 737 Hultseh,
884 683 1080 725 Berichte
1106 685 1142 725 d.
1165 684 1428 738 philol.-hist.

266 749 325 792 Ol.
352 752 389 792 d.
417 751 559 793 S'zichs.
588 751 682 794 Ges.
708 753 743 793 d.
773 751 1030 795 Wissenseh.
1065 753 1175 796 1886
1206 770 1245 809 p.
1275 756 1356 796 120
1386 758 1428 797 et

264 820 475 862 Abhandl.
501 822 539 862 X
570 836 610 875 p.
636 822 732 864 391.

108 888 253 931 Ambr.
267 910 321 924 =
341 891 502 932 scholia
527 891 616 932 eod.
635 891 908 932 Ambrosiani
926 890 967 933 A
990 894 1066 933 101
1099 907 1187 947 sup.
1212 907 1316 935 saec.
1337 893 1426 935 XV.

129 958 243 1001 Mon.
264 980 319 994 =
340 960 502 1002 scholia
527 961 616 1002 cod.
636 960 902 1002 Monacensis
928 961 1008 1004 361
1038 976 1142 1004 saec.
1168 962 1272 1004 XIII
1299 978 1427 1004 manu

262 1030 495 1072 recentiore
522 1029 594 1085 (m.
621 1028 667 1087 3)
699 1030 856 1085 scrip'na
887 1045 971 1072 uno
998 1029 1077 1086 (nr.
1107 1029 1208 1088 138)
1240 1035 1427 1088 excepto,

263 1100 375 1153 quod
405 1114 534 1141 manu
563 1100 700 1154 prima
731 1100 991 1154 adscriptum
1022 1104 1098 1142 est.

212 1168 239 1210 S
263 1189 314 1202 =
336 1169 498 1210 seho1ia
522 1170 610 1211 eod.
630 1169 759 1211 Paris.
781 1169 917 1224 suppl.
939 1169 1008 1211 Gr.
1033 1162 1094 1211 12
1112 1184 1217 1212 saec.
1237 1170 1350 1226 XVI,
1376 1171 1426 1226 de

264 1251 346 1291 quo
378 1253 416 1279 u.
444 1237 612 1292 Omont,
639 1237 878 1280 Inventaire
897 1237 960 1279 III
985 1254 1023 1293 p.
1044 1240 1128 1281 202
1160 1242 1202 1281 et
1226 1239 1425 1295 Heiberg,

262 1306 342 1348 Om
374 1305 616 1348 Scholierne
648 1309 678 1348 t.
702 1307 819 1348 Euol.
846 1307 980 1349 Elem.
1011 1323 1049 1362 p.
1076 1309 1141 1350 34.
1190 1308 1303 1350 Data
1331 1309 1425 1364 ipsa

261 1377 391 1418 codex
421 1391 507 1418 non
536 1377 675 1418 habet.

189 1486 228 1524 p.
251 1470 317 1525 14,
338 1470 390 1511 18
417 1468 472 1510 δι’
500 1473 596 1511 ἴσου
623 1469 890 1512 scribendum
914 1485 991 1525 pro
1018 1471 1174 1525 διΐσου,
1197 1486 1235 1525 p.
1255 1471 1347 1526 104,
1371 1473 1423 1514 12

104 1538 377 1594 ἐλλείμματος
399 1553 478 1594 pro
504 1538 765 1595 ἐλλείματος,
795 1555 833 1594 p.
863 1541 957 1595 158,
984 1541 1038 1582 26
1066 1543 1164 1594 post
1190 1540 1424 1596 δεδομένον

102 1608 371 1650 incidendum
406 1623 494 1650 non
530 1611 639 1664 erat,
676 1612 766 1650 erat
802 1625 839 1664 p.
870 1610 964 1664 160,
991 1611 1012 1652 1
1046 1612 1144 1664 post
1175 1609 1318 1665 μέσην.
1378 1611 1423 1652 in

103 1679 308 1734 adparassu
339 1693 415 1720 ser.
441 1694 481 1733 p.
505 1679 570 1733 18,
596 1680 618 1720 7
651 1678 685 1719 Ρ
714 1693 791 1733 pro
824 1694 860 1734 a,
889 1695 927 1734 p.
951 1679 1081 1735 76,2;
1114 1681 1272 1735 86,17;
1303 1681 1370 1735 92,
1395 1682 1422 1722 4

108 1763 187 1790 om.
211 1748 244 1789 P
275 1763 352 1803 pro
379 1762 459 1789 om.
485 1749 529 1802 b,
561 1748 796 1790 addendum
826 1764 865 1803 p.
895 1750 990 1804 100,
1014 1750 1040 1791 3
1072 1749 1239 1804 ὃοθείς]
1271 1765 1349 1791 om.
1375 1749 1421 1804 P,

101 1834 140 1873 p.
163 1818 256 1872 168,
283 1818 308 1859 8
339 1817 496 1871 πλάτη]
527 1819 674 1872 πλήθη
706 1818 752 1872 b,
789 1818 1010 1860 delendum
1040 1834 1079 1873 p.
1102 1819 1196 1874 176,
1221 1820 1247 1861 3
1279 1817 1421 1875 ‘(a1t.)’

103 1891 143 1929 θῇ
173 1904 213 1942 p.
246 1888 340 1943 190,
370 1887 396 1928 5
429 1887 556 1942 ἔστω]
594 1889 711 1929 ἔστιν
740 1887 791 1943 P3
833 1903 873 1942 p.
899 1889 984 1930 224
1019 1891 1105 1930 not.
1137 1903 1214 1930 ser.
1246 1889 1419 1943 append.

101 1972 163 1998 nr.
193 1959 249 1999 40
286 1971 362 2012 pro
399 1971 460 1998 nr.
495 1958 596 2012 187,
630 1957 675 1998 in
711 1957 1061 2012 inberpretatione
1090 1973 1128 2012 p.
1156 1958 1223 2012 33,
1254 1959 1309 1999 22
1347 1957 1419 1999 ‘iis

101 2027 286 2068 adiectae
319 2027 443 2068 sunt’.

1072 2089 1120 2135 H.
1157 2089 1321 2146 Menge.
