1520 2508
115 829 158 860 10

66 1175 155 1206 ‚15

109 1603 154 1634 20

1476 0 1520 111 ξε

189 101 242 143 78
713 87 978 135 ΔΕΔΟΜΕΝΑ.
1487 109 1520 153 3²6⁵

185 202 260 250 τῆς
289 199 380 237 ΔΕ
407 197 515 252 πρὸς
544 197 624 250 τὴν
657 199 692 238 Ζ
723 196 883 244 δοθείς.
944 195 1125 237 δοθεῖσα
1157 194 1204 238 δὲ
1235 196 1260 250 ἡ
1291 200 1398 240 ΔΕ·
1437 194 1510 247 δοίἷ

184 270 314 307 θεῖσα
345 266 428 320 ἄρα
459 264 530 307 καὶ
560 265 586 318 ἡ
620 268 667 306 Ζ.
729 267 804 306 καί
831 264 920 306 ἐστι
949 267 1102 319 μείζων
1133 265 1159 318 ἡ
1193 267 1270 307 ΓΒ
1305 272 1380 320 τῆς
1410 259 1508 318 BA}

184 337 339 388 μείζων
376 337 459 390 ἄρα
489 334 560 376 καὶ
591 335 617 389 ἡ
648 338 737 376 ΕΔ
773 341 847 388 τῆς
879 337 926 376 Ζ.
993 334 1250 420 ἐνηρμόσθω
1288 342 1339 391 τῇ
1372 338 1406 377 Ζ
1438 335 1512 395 ἴσή

185 404 210 457 ἡ
241 407 354 458 ΔΗ,
385 403 456 446 καὶ
489 404 726 458 ἐπεζεύχθω
758 403 784 457 ἡ
815 406 925 458 ΗΕ,
958 402 1030 445 καὶ
1061 403 1222 461 κέντρῳ
1254 420 1333 458 μεν
1362 410 1421 461 τῷ
1452 399 1511 464 Ag

185 474 439 527 διαστήματι
483 471 530 515 δὲ
566 480 625 530 τῷ
668 476 768 515 ΛΗ
803 474 960 522 κύκλος
1001 473 1238 528 γεγραφθω
1283 474 1306 516 ὁ
1353 476 1510 531 ΘΗΚξ

184 541 305 584 θέσει
336 543 419 598 ἄρα
451 541 568 584 ἐστὶν
599 542 621 584 ὁ
656 543 797 583 ΘΗΚ
823 542 996 590 κύκλος·
1058 541 1229 583 δέδοται
1260 543 1341 598 γαρ
1373 543 1510 597 αὐτοῦ

183 612 231 653 τὸ
263 611 444 667 κέντρον
474 618 524 667 τῇ
555 611 676 653 θέσει
706 610 777 652 καὶ
808 610 834 664 ἡ
860 610 905 652 ἐκ
929 616 1007 652 τοῦ
1031 610 1213 666 κέντρου
1239 617 1298 668 τῷ
1323 611 1506 668 μεγέθεα·

183 680 305 722 θέσει
343 679 390 722 δὲ
426 679 498 722 καὶ
534 682 582 722 τὸ
612 683 755 722 ΔΗΕ
790 679 1056 733 ἡμικύκλιον.
1123 677 1259 721 δοθὲν
1295 681 1378 735 ἄρα
1416 676 1507 725 ἐστὶ

183 751 231 792 τὸ
256 753 308 792 Η
333 758 521 805 σημεῖον.
571 752 659 791 ἔστι
691 747 739 790 δὲ
768 747 839 790 καὶ
871 747 1071 804 ἑκάτερον
1096 756 1183 790 τῶν
1207 752 1263 802 Δ,
1286 752 1327 790 Ε
1354 749 1504 792 δοθέν·

183 821 365 862 δοθεῖσα
396 821 479 875 ἄρα
505 817 621 861 ἐστὶν
647 817 800 872 ἑκάστη
826 825 912 859 τῶν
938 820 1039 871 ΗΔ,
1063 821 1164 871 ΔΕ,
1189 821 1286 859 ΕΗ
1310 825 1360 873 τῇ
1384 809 1506 863 θέσειέζ

182 888 253 930 καὶ
288 895 347 945 τῷ
384 888 576 943 μεγέθει·
614 887 787 930 δέδοται
825 889 907 943 αρα
944 888 990 928 τὸ
1022 890 1159 928 ΗΔΕ
1192 889 1407 942 τρίγωνον
1443 893 1503 945 τῷ

182 959 299 1000 εἴδει.
372 957 461 999 ἐπεὶ
501 956 582 1000 οὖν
625 958 705 999 δύο
745 957 937 1012 τρίγωνά
975 956 1062 998 ἐστι
1099 957 1150 997 τὰ
1187 959 1336 1011 ΑΒΓ,
1366 930 1508 1001 ΔΕΗ

181 1030 285 1081 μιάν
323 1029 492 1081 γωνίαν
534 1030 611 1082 μία
653 1028 790 1081 γωνία
834 1029 934 1078 ἰσην
976 1027 1126 1079 ἔχοντα
1170 1027 1248 1079 τὴν
1291 1026 1375 1067 ὑπὸ
1418 1029 1510 1090 τῶιζ

181 1099 313 1138 ΒΑΓ
341 1103 392 1151 τῇ
427 1096 512 1138 ὑπὸ
550 1103 638 1137 τῶν
667 1098 768 1137 ΔΗ
772 1098 827 1148 Ε
869 1093 966 1148 περὶ
1002 1092 1050 1136 δὲ
1079 1095 1211 1143 ἄλλας
1241 1097 1401 1148 γωνίας
1431 1092 1512 1150 τὰς

180 1166 265 1208 ὑπὸ
296 1173 383 1207 τῶν
416 1167 552 1218 ΓΒΑ,
576 1166 721 1205 ΕΔΗ
746 1164 822 1212 τὰς
851 1164 1039 1218 πλευρὰς
1068 1163 1303 1217 ἀνάλογον,
1340 1170 1426 1205 τῶν
1457 1152 1520 1221 δξ,

181 1239 344 1277 λοιπῶν
374 1241 462 1276 τῶν
491 1234 576 1275 ὑπὸ
608 1235 745 1287 ΒΓΑ,
769 1235 916 1274 ΔΕΗ
942 1232 1145 1288 ἑκατέραν
1176 1233 1261 1287 ἅμα
1293 1214 1510 1287 ε’λάσσονιξ

181 1305 337 1360 ὀρθῆς,
374 1305 525 1358 ὅμοιον
555 1304 638 1358 ἄρα
670 1301 759 1344 ἐστὶ
790 1303 838 1343 τὸ
870 1305 1007 1343 ΑΒΓ
1030 1304 1244 1356 τρίγωνον
1275 1308 1333 1358 τῷ
1363 1289 1509 1365 AE1ss

180 1374 389 1430 τριγώνω.
461 1372 633 1414 δέδοται
675 1370 723 1413 δὲ
764 1372 812 1413 τὸ
850 1374 996 1413 ΔΕΗ
1032 1374 1247 1427 τρίγωνον
1282 1377 1341 1428 τῷ
1379 1365 1509 1413 εἴδειὲ

181 1442 352 1484 δέδοται
383 1443 466 1498 ἄρα
497 1441 568 1483 καὶ
598 1443 646 1483 τὸ
678 1443 814 1483 ΑΒΓ
837 1443 1051 1495 τρίγωνον
1081 1446 1140 1496 τῷ
1172 1441 1287 1481 εἴδει.
1489 1437 1506 1492 'fs

1492 1505 1506 1535 ξ

799 1602 857 1657 μδ
864 1601 886 1643 '.

263 1696 362 1739 Ἐὰν
392 1698 606 1753 τρίγωνον
635 1697 739 1750 μίαν
765 1697 837 1749 ε”χῃ
863 1696 1027 1747 γωνίαν
1052 1692 1301 1747 δεδομένην,
1331 1691 1427 1748 περὶ
1452 1690 1503 1751 δὲ»

179 1768 316 1820 ἄλλην
352 1769 516 1820 γωνίαν
553 1766 601 1806 αἰ
632 1762 815 1818 πλευραὶ
850 1764 958 1818 πρὸς
994 1763 1181 1816 ἀλλήλας
1211 1763 1342 1814 λόγον
1372 1763 1506 1815 ἔχωσί

179 1835 427 1890 δεδομένον,
459 1834 630 1876 δέδοται
661 1834 709 1875 τὸ
739 1835 955 1888 τρίγωνον
985 1838 1043 1888 τῷ
1076 1832 1192 1873 εῖδει.

271 2011 301 2042 2.
323 2005 467 2052 μείζων]
487 2005 660 2050 μεῖζονΡ,
681 2015 795 2056 comp
810 2015 843 2038 v.
916 2006 946 2037 4.
976 2002 1070 2047 ΗΕ]
1098 2004 1223 2036 EHa.
1307 2005 1336 2035 6.
1360 2003 1507 2036 ΘΗΚ

179 2055 298 2089 ΗΘΚ
321 2065 352 2089 a.
452 2057 481 2088 7.
507 2055 555 2098 τῷ
580 2050 743 2097 μεγέθει]
768 2050 807 2084 in
831 2060 900 2084 ras.
927 2060 959 2083 a
1056 2052 1109 2082 10.
1140 2048 1310 2092 δοθεῖσα]
1335 2045 1438 2082 θέσει
1461 2058 1505 2091 a

225 2104 276 2134 13.
304 2097 458 2146 γωνιαν]
484 2087 597 2143 γωνία
622 2110 654 2132 v.
742 2097 830 2141 τῶν]
855 2095 921 2139 τήν
945 2093 1255 2138 Vat„de1.m.2.
1354 2097 1406 2128 14.
1432 2074 1520 2134 τὰέεἶ;

176 2146 286 2186 ἄλλας
310 2146 470 2180 Ρναὺῌν
575 2147 627 2179 15
657 2147 774 2186 FBA,
795 2142 930 2186 ΕΔΗ]
959 2143 1075 2183 ΘΓΑ,
1094 2142 1215 2174 ΔΕΗ
1235 2152 1266 2174 v.
1361 2138 1426 2179 τάς
1452 2144 1520 2177 -462

177 2196 229 2227 16.
258 2193 395 2238 AEH]
427 2203 495 2226 om
522 2203 554 2225 v.
677 2194 728 2224 16.
762 2170 873 2234 hm]
904 2193 975 2222 mv
1000 2168 1103 2221 AF'B
1129 2198 1160 2221 a
1282 2189 1335 2220 17
1367 2182 1520 2232 ΑΒΓῙε

177 2241 272 2273 ΒΓΑ
298 2250 329 2273 v.
434 2242 487 2273 18.
515 2235 663 2272 δεδοται
687 2257 730 2262 -
758 2234 862 2280 εἴδει]
889 2245 956 2268 om.
984 2244 1017 2277 v,
1043 2232 1126 2267 add
1152 2243 1224 2276 mg.
1250 2243 1295 2266 m.
1323 2235 1354 2267 2
1438 2234 1508 2274 2οᾕ

1491 2276 1520 2307 ἒεῖ

175 2285 256 2331 μδ’]
281 2285 333 2319 λε’
361 2286 392 2329 β
489 2288 542 2318 21.
572 2283 648 2329 ἔχῃ]
676 2282 758 2328 ἔχον
783 2283 815 2327 β.
