1520 2508
114 564 116 566 ·
186 553 266 593 σόν
297 551 385 594 ε’στι
409 553 457 594 τὸ
483 552 566 594 ἀπὸ
594 558 669 607 τῆς
694 557 735 594 A
744 555 786 594 Γ
808 560 896 595 τῶν
920 553 1003 595 ἀπὸ
1029 561 1116 595 τῶν
1141 557 1242 608 ΑΒ,
1260 556 1353 608 ΒΓ,
1383 570 1423 596 τ
1477 553 1483 596 ζ

117 839 161 871 10

69 1185 162 1217 -15

119 1533 165 1564 20

121 1899 167 1932 25

185 111 268 166 120
712 114 978 148 AEAOMENA.

181 207 347 262 πλευρὰ
378 213 465 248 τῶν
495 207 575 260 τὴν
605 205 748 256 ὀξεῖαν
778 210 942 260 γωνίαν
971 215 1265 263 περιεχουσῶν
1293 213 1485 264 nstevpn⁴³⁷

183 276 321 318 ἐκεῖνο
340 276 389 317 τὸ
402 278 565 331 χωρίον
582 276 691 331 πρὸς
708 277 757 317 τὸ
776 278 990 332 τρίγωνον
1009 279 1142 330 λόγον
1160 276 1242 327 ἕξει
1261 278 1455 333 δεδομέν

272 346 379 386 ἔστω
415 348 631 400 τρίγωνον
673 344 913 398 ὀξυγώνιον
952 347 1000 387 τὸ
1037 349 1187 400 ΑΒΓ,
1229 346 1371 397 ὀξεῖαν
1406 350 1464 402 ἔχ

185 416 350 467 γωνίαν
381 413 618 469 δεδομένην
647 415 727 469 τὴν
756 415 841 456 ὑπὸ
872 422 960 456 τῶν
989 418 1133 470 ΑΒΓ,
1165 415 1237 457 καὶ
1270 418 1390 470 ἤχθω
1428 417 1472 453 ’ἰ

184 488 262 524 τοῦ
288 487 330 524 Α
361 482 430 524 ἐπὶ
459 484 539 537 τὴν
563 486 652 525 ΒΓ
674 484 857 533 κάθετος
881 484 907 538 ἡ
932 488 1035 526 ΑΛ·
1067 484 1191 539 λέγω,
1222 485 1301 539 ὅτι,
1327 482 1361 542 ᾧ
1385 487 1486 528 ἔλα

1498 683 1520 835 *w

186 621 275 663 ἐστι
306 622 354 663 τὸ
380 620 448 670 δὶς
471 622 556 663 ὑπὸ
582 629 670 663 τῶν
696 624 789 676 ΓΒ,
809 625 891 664 ΒΛ
920 623 1029 678 πρὸς
1059 624 1107 664 τὸ
1133 626 1271 665 ΑΒΓ
1293 627 1483 680 τρίγωνῇ

186 692 319 743 λόγον
349 692 433 745 ἔχει
465 691 711 746 δεδομένον.

274 758 365 801 ἐπεὶ
400 761 482 816 γὰρ
519 761 702 802 δοθεῖσα
737 761 854 802 ἐστιν
890 761 916 815 ἡ
952 761 1037 803 ὑπὸ
1073 769 1161 804 τῶν
1192 765 1323 803 ΑΒΔ
1358 778 1448 815 γων
1473 772 1492 797 »⁴

187 831 276 871 ἔστι
308 827 355 871 δὲ
386 829 457 871 καὶ
488 830 514 884 ἡ
544 830 629 871 ὑπὸ
661 837 748 871 τῶν
778 833 908 872 ΑΔΒ
940 831 1135 885 δοθεῖσα,
1165 830 1237 872 καὶ
1267 833 1394 886 λοιπὴ
1424 839 1507 886 αι’),

186 898 212 951 ἡ
243 898 328 940 ὑπὸ
359 905 447 940 τῶν
477 901 604 940 ΒΑΔ
634 899 724 940 ἐστι
755 900 953 941 δοθεῖσα·
986 899 1158 942 δέδοται
1189 902 1272 956 ἄρα
1301 902 1349 943 τὸ
1378 894 1520 951 AB*

186 970 403 1022 τρίγωνον
433 973 492 1024 τῷ
524 968 646 1009 εἴδει·
684 970 812 1021 λόγος
842 970 925 1024 ἄρα
955 975 1031 1023 τῆς
1062 972 1144 1011 ΒΔ
1173 971 1282 1025 πρὸς
1311 972 1391 1024 τὴν
1421 954 1520 1012 A*

188 1037 354 1086 δοθείς·
399 1037 507 1078 ὥστε
548 1036 621 1078 καὶ
662 1043 740 1079 τοῦ
776 1038 860 1080 ὑπὸ
899 1045 985 1080 τῶν
1022 1041 1147 1080 ΓΒΔ
1189 1040 1297 1094 πρὸς
1337 1041 1386 1081 τὸ
1433 1039 1444 1056 ‘

187 1114 277 1148 τῶν
302 1109 396 1160 ΓΒ,
422 1110 509 1148 ΑΔ
539 1109 667 1160 λόγος
698 1106 787 1148 ἐστὶ
818 1108 985 1157 δοθείς·
1016 1107 1087 1150 καὶ
1117 1114 1195 1150 τοῦ
1221 1108 1289 1158 δὶς
1312 1109 1397 1151 ὑπὸ
1421 1101 1506 1150 ¹1:1³1*⁴

189 1178 288 1230 ΓΒ,
313 1179 395 1217 ΒΔ
432 1177 526 1231 ἄρα.
587 1176 696 1218 ἀλλὰ
733 1183 810 1218 τοῦ
846 1177 931 1219 ὑπὸ
962 1185 1049 1219 τῶν
1079 1180 1174 1232 ΒΓ,
1199 1182 1284 1220 ΛΔ
1319 1179 1426 1233 πρὸς

188 1247 326 1287 ΑΒΓ
344 1247 473 1298 λόγος
497 1244 586 1287 ἐστὶ
612 1246 778 1295 δοθείς·
810 1245 881 1287 καὶ
905 1252 984 1287 τοῦ
1009 1245 1077 1296 δὶς
1100 1247 1186 1289 ὑπὸ
1211 1255 1297 1289 τῶν
1317 1250 1410 1302 ΓΒ,
1429 1250 1488 1290 Β

189 1315 272 1370 ἄρα
302 1315 410 1370 πρὸς
441 1315 489 1356 τὸ
520 1317 658 1356 ΑΒΓ
687 1318 904 1370 τρίγωνον
940 1318 1068 1369 λόγος
1099 1315 1188 1358 ἐστὶ
1219 1317 1379 1366 δοθείς.

190 1383 280 1425 ἐστι
310 1384 358 1425 τὸ
391 1382 460 1433 δὶς
488 1384 573 1426 ὑπὸ
606 1392 692 1426 τῶν
719 1387 812 1438 ΓΒ,
837 1388 931 1439 ΒΛ,
962 1381 998 1442 ᾦ
1026 1387 1209 1428 ἔλασσόν
1234 1386 1324 1428 ἐστι
1354 1387 1402 1428 τὸ
1434 1408 1441 1422 ι
1473 1395 1476 1398 ’
1500 1377 1511 1435 j*

189 1459 264 1507 τῆς
294 1455 386 1494 ΑΓ
410 1460 498 1494 τῶν
530 1453 612 1495 ἀπὸ
644 1461 732 1495 τῶν
762 1457 862 1508 ΑΒ,
886 1456 992 1495 ΒΓ·
1027 1450 1062 1511 ᾧ
1093 1456 1177 1510 ἄρα
1208 1457 1390 1497 ἔλασσόν

190 1523 239 1564 τὸ
276 1522 360 1564 ἀπὸ
396 1529 472 1576 τῆς
507 1525 600 1564 ΑΓ
635 1530 723 1565 τῶν
766 1523 848 1565 ἀπὸ
885 1531 973 1565 τῶν
1008 1528 1108 1578 ΑΒ,
1138 1527 1238 1578 ΒΓ,
1283 1525 1420 1567 ἐκεῖνο

190 1594 352 1646 χωρίον
376 1592 485 1647 πρὸς
508 1593 556 1633 τὸ
582 1595 719 1633 ΛΒΓ
743 1595 961 1647 τρίγωνον
991 1595 1123 1647 λόγον
1154 1596 1238 1647 ἔχει
1266 1593 1461 1649 δεδομένι
1487 1580 1517 1644 “f

820 1684 897 1734 ξεί
980 1734 982 1736 ,

276 1752 376 1795 Ἐὰν
405 1756 621 1809 τρίγωνον
652 1754 889 1808 δεδομένην
920 1756 993 1809 ἔχῃ
1024 1758 1202 1809 γωνίαν,
1232 1757 1280 1797 τὸ
1310 1756 1395 1798 ὑπὸ
1424 1726 1520 1819 τῶὲξ

191 1824 271 1877 τὴν
321 1822 558 1877 δεδομένην
606 1825 771 1875 γωνίαν
811 1831 1106 1879 περιεχουσῶν
1147 1824 1334 1866 εὐθειῶν
1381 1825 1452 1880 ὀρ
1474 1841 1507 1884 ι.-

191 1893 354 1946 γώνιον
384 1893 493 1948 πρὸς
522 1893 571 1934 τὸ
601 1895 818 1948 τρίγωνον
848 1895 980 1946 λόγον
1012 1896 1095 1947 ἔχει
1127 1893 1372 1948 δεδομένον.
1495 1887 1520 1895 '⁴

289 1981 319 2012 1.
350 1978 438 2023 τῶν]
469 1983 542 2012 τῶν
567 1977 638 2012 ὑπὸ
663 1983 735 2013 τῶν
766 1977 800 2012 b.
920 1981 951 2012 5.
986 1977 1133 2013 ἔλαττον
1158 1978 1242 2014 Vat.
1361 1983 1392 2013 6.
1423 1978 1453 2013 ἐ
1512 1994 1520 2010 c

193 2024 350 2059 δύναται
374 2035 407 2058 v.
532 2022 708 2070 τουτέστι]
735 2034 804 2058 om.
829 2023 864 2058 b.
993 2027 1023 2059 9.
1052 2026 1166 2070 ΑΒΔ]
1193 2028 1257 2060 ΑΔ
1265 2028 1292 2059 Β
1316 2036 1349 2059 v.
1455 2027 1487 2060 1
1518 2044 1520 2046 -

192 2068 255 2105 καί
275 2069 383 2116 (alt.)]
409 2081 478 2105 om.
504 2070 588 2104 Vat.
698 2074 751 2104 11.
782 2070 897 2115 ΑΒΔ]
923 2073 1031 2105 ΑΒΓ
1050 2082 1082 2105 v.
1191 2075 1245 2106 13.
1271 2071 1360 2106 Post
1385 2072 1476 2106 soff<

192 2116 276 2151 add.
303 2114 367 2151 καί
392 2116 488 2151 ἐστιν
513 2117 561 2156 ὡς
584 2116 607 2161 ἡ
635 2119 697 2151 ΒΔ
722 2116 813 2160 πρὸς
837 2120 910 2159 ΔΑ,
937 2115 1050 2157 οὕτως
1073 2117 1113 2152 τὸ
1139 2117 1211 2152 ὑπὸ
1239 2120 1315 2161 ΓΒ,
1335 2120 1398 2152 ΒΔ
1421 2128 1478 2161 πρ

191 2162 232 2197 τὸ
257 2162 329 2197 ὑπὸ
358 2165 434 2206 ΓΒ,
453 2166 517 2197 ΑΛ
541 2174 580 2206 v;
606 2174 640 2197 u.
668 2162 779 2197 schol.
804 2174 857 2197 nr.
885 2166 962 2197 125.
1076 2169 1140 2198 τοῦ
1181 2163 1222 2198 τό
1247 2164 1281 2198 b.
1397 2165 1480 2198 ΓΒ
1518 2192 1520 2194 .

194 2211 295 2243 ΒΓΔ
319 2208 354 2244 b.
470 2212 523 2244 14.
549 2209 630 2255 τοῦ]
655 2209 696 2244 τό
721 2209 756 2243 b.
872 2212 924 2243 15.
958 2210 1035 2255 ΒΔ]
1061 2214 1124 2244 ΑΔ
1176 2237 1183 2245 .
1296 2209 1384 2256 ἄρα]
1409 2208 1478 2255 267'

194 2254 267 2290 ἐστὶ
292 2253 420 2295 δοθείς
444 2255 478 2290 b.
591 2259 645 2289 16.
671 2257 780 2290 ΑΒΓ
799 2253 976 2300 τρίγωνον
1002 2256 1036 2290 b.
1144 2257 1224 2302 τοῦ]
1249 2256 1289 2290 τό
1314 2256 1349 2291 b.
1455 2258 1474 2291 1
1512 2287 1517 2296 2

192 2299 387 2347 τρίγωνον]
414 2312 483 2336 om.
509 2301 605 2345 Vat„
638 2301 722 2337 add.
748 2313 794 2336 m.
821 2305 852 2336 2.
975 2305 1026 2336 18.
1060 2302 1146 2348 ὑπό]
1178 2302 1197 2337 ὁ
1223 2301 1294 2337 ὑπό
1324 2302 1363 2338 Ρ.
