1520 2508
173 105 256 146 102
673 107 939 142 ΔΕΔΟΜΕΝΑ.
1487 130 1490 134 -

171 200 309 252 ΓΚΛ,
328 201 462 240 ΗΕΖ
487 200 536 240 αἱ
555 198 738 255 πλευραὶ
763 200 1148 249 ἀντιπεπόνθασιν·
1181 207 1277 245 ἴσον
1297 205 1380 260 ἄρα
1399 139 1499 248 ἐστὲ
1518 239 1520 259 z

169 268 217 308 τὸ
243 270 329 308 ΚΔ
359 273 418 323 τῷ
443 270 544 308 ΗΖ.
592 267 664 309 καὶ
696 267 785 310 ἐπεὶ
810 271 937 323 λόγος
962 269 1050 312 ἐστὶ
1075 277 1152 312 τοῦ
1178 276 1219 313 A
1248 274 1356 328 πρὸς
1379 274 1427 315 τὸ
1514 281 1520 323 ³7

168 337 330 389 δοθείς,
363 340 459 377 ἴσον
490 334 537 377 δὲ
566 338 615 378 τὸ
641 340 678 378 Β
708 344 768 394 τῷ
793 340 884 392 ΓΛ,
914 342 1042 392 λόγος
1071 341 1155 395 ἄρα
1185 340 1274 382 ἐστὶ
1304 347 1382 383 τοῦ
1407 342 1491 384 ΘΔ
1518 338 1520 343 ’

167 406 276 460 πρὸς
299 406 348 446 τὸ
375 407 452 446 ΓΛ
483 406 642 455 δοθείς.
691 407 750 456 ὡς
779 405 828 448 δὲ
851 409 899 449 τὸ
921 411 1003 450 ΘΔ
1031 410 1140 464 πρὸς
1162 411 1210 451 τὸ
1232 412 1321 464 ΓΛ,
1352 412 1464 454 οὕτω
1517 434 1520 457 ,ε

122 481 142 511 5
168 474 194 527 ἡ
228 476 314 515 ΘΓ
337 475 446 529 πρὸς
474 476 554 529 τὴν
586 478 688 516 ΓΚ·
726 475 800 517 καὶ
828 482 903 531 τῆς
937 479 1064 519 ΘΓ’
1047 480 1130 534 ἄρα
1159 480 1266 535 πρὸς
1294 481 1373 534 τὴν
1405 458 1497 532 PK}

167 545 296 596 λόγος
338 542 428 585 ἐστὶ
471 545 631 593 δοθείς.
703 544 776 587 καὶ
817 545 911 587 ἐπεί
944 545 1062 590 ἐστιν
1105 547 1163 596 ὡς
1204 548 1230 601 ἡ
1263 550 1340 590 ΓΔ
1381 525 1520 619 πρὸςέγ

166 613 246 665 τὴν
275 615 377 666 ΕΖ,
409 613 546 662 οὕτως
569 613 596 667 ἡ
627 617 725 655 ΕΗ
747 615 856 670 πρὸς
885 617 964 669 τὴν
995 618 1097 669 ΓΚ,
1134 616 1160 670 ἡ
1192 614 1239 657 δὲ
1270 620 1352 659 ΓΘ
1380 610 1520 674 πρὸςῖξ

165 682 244 734 τὴν
277 683 365 722 ΓΚ
397 683 528 734 λόγον
565 684 650 736 ἔχει
687 683 897 738 δοθέντα,
940 683 991 725 ὃν
1027 686 1075 726 τὸ
1106 689 1148 726 A
1184 689 1344 741 χωρίον
1379 682 1520 746 πρὸςχξ

164 750 212 791 τὸ
244 753 300 804 Β,
344 752 462 792 ἔστιν
498 752 581 806 ἄρα
618 752 676 800 ὡς
712 752 738 806 ἡ
771 754 850 794 ΓΛ
885 754 992 808 πρὸς
1027 756 1106 808 τὴν
1142 758 1244 809 EZ,
1287 756 1424 805 οὕτως
1458 757 1520 814 ἡ

96 825 140 857 10
164 822 261 860 ΕΗ
284 820 393 874 πρὸς
421 819 476 872 ἣν
506 820 532 873 ἡ
561 821 648 861 ΘΓ
670 822 802 873 λόγον
832 823 929 876 ἔχει,
961 822 1013 863 ὃν
1042 824 1090 864 τὸ
1115 827 1158 864 A
1187 826 1348 879 χωρίον
1378 827 1484 880 πρὸς
1501 815 1518 861 ‘s

163 888 212 929 τὸ
243 890 280 929 Β
311 890 483 943 χωρίον.
1518 901 1520 904 “

784 969 864 1020 ’νζ’.
1504 1012 1513 1016 ,,

247 1046 346 1089 Ἐὰν
378 1047 513 1090 δοθὲν
542 1051 658 1102 παρὰ
683 1051 892 1093 δοθεῖσαν
915 1055 1176 1109 παραβληθῇ
1202 1054 1249 1095 ἐν
1274 1054 1481 1111 δεδομένῃ
1512 1051 1520 1058 ¹

163 1119 313 1173 γωνίᾳ,
345 1117 518 1159 δέδοται
548 1119 596 1160 τὸ
627 1119 788 1169 πλάτος
816 1126 892 1174 τῆς
923 1124 1180 1177 παραβολῆς.

68 1194 136 1225 Υ115
249 1184 385 1228 δοθὲν
415 1187 497 1243 γὰρ
529 1188 576 1229 τὸ
608 1191 709 1229 AH
737 1189 853 1244 παρὰ
884 1190 1091 1232 δοθεῖσαν
1121 1192 1200 1246 τὴν
1231 1196 1311 1234 ΒΛ
1346 1208 1492 1249 παρα-’

159 1257 389 1308 βεβλήσθω
421 1255 468 1298 ἐν
493 1256 702 1313 δεδομένῃ
733 1261 871 1315 γωνίᾳ
894 1266 945 1314 τῇ
969 1259 1054 1302 ὑπὸ
1079 1268 1165 1302 τῶν
1186 1263 1325 1303 ΓΑΒ·
1358 1258 1514 1318 λέγω,

159 1324 225 1366 ὅτι
256 1325 438 1367 δοθεῖσοέ
469 1325 587 1367 ἐστιν
617 1327 643 1381 ἡ
676 1329 765 1368 ΓΛ.
1496 1324 1515 1382 ῥ

244 1393 566 1449 ἀναγεγράφθω
593 1397 675 1451 γὰρ
702 1396 784 1438 ἀπὸ
809 1403 884 1451 τῆς
902 1401 988 1439 AB
1018 1400 1288 1452 τετράγωνον
1311 1401 1358 1442 τὸ
1378 1403 1518 1457 ER&

159 1460 294 1504 δοθὲν
318 1464 402 1519 ἄρα
427 1463 517 1505 ἐστὶ
535 1465 583 1506 τὸ
603 1468 697 1506 ΕΒ.
728 1465 799 1506 καὶ
819 1467 1074 1520 διήχθωσαν
1099 1469 1147 1510 αἰ
1162 1472 1255 1522 EA,
1277 1472 1369 1523 ZB,
1391 1471 1483 1511 ΓΗ
1488 1475 1490 1491 ³
1508 1465 1514 1510 ,ἶ

86 1538 132 1570 20
157 1530 226 1573 ἐπὶ
267 1533 320 1573 τὰ
354 1536 416 1586 A,
445 1536 492 1574 Θ.
564 1533 635 1575 καὶ
678 1533 769 1576 ἐπεὶ
811 1535 947 1578 δοθέν
989 1537 1107 1579 ἐστιν
1149 1536 1348 1592 ἑκάτερον
1390 1545 1494 1581 τῶν

155 1603 258 1654 ΕΒ,
283 1604 396 1655 AH,
441 1603 568 1654 λόγος
603 1603 686 1658 ἄρα
722 1610 800 1645 τοῦ
837 1607 920 1646 ΕΒ
956 1607 1063 1660 πρὸς
1099 1607 1146 1647 τὸ
1183 1609 1283 1647 ΑΗ
1316 1608 1514 1657 δοθείς.

157 1673 254 1711 ἴσον
284 1668 332 1711 δὲ
363 1671 410 1712 τὸ
441 1673 531 1712 ΗΑ
560 1678 619 1728 τῷ
647 1675 750 1714 ΑΘ·
782 1675 909 1726 λόγος
939 1676 1022 1730 ἄρα
1051 1674 1123 1716 καὶ
1153 1682 1232 1717 τοῦ
1256 1679 1339 1718 ΕΒ
1369 1678 1476 1732 πρὸς

154 1739 202 1779 τὸ
228 1742 270 1780 A
281 1742 318 1780 Θ
349 1740 514 1789 δοθείς·
547 1741 654 1782 ὥστε
684 1740 755 1783 καὶ
785 1748 860 1796 τῆς
883 1734 1102 1799 ΕΑπρὸς
1131 1746 1211 1798 τὴν
1235 1749 1319 1786 AA
1349 1748 1475 1799 λόγος

155 1806 245 1849 ἐστὶ
276 1808 436 1858 δοθείς.
486 1813 557 1863 ἴση
589 1808 636 1851 δὲ
667 1811 692 1864 ἡ
718 1814 800 1852 EA
829 1819 880 1868 τῇ
906 1816 1008 1854 ΑΒ“
1041 1815 1168 1866 λόγος
1198 1815 1281 1869 ἄρα
1305 1814 1376 1856 καὶ
1400 1821 1492 1870 τῆς

82 1883 128 1915 25
154 1879 236 1918 BA
265 1878 373 1933 πρὸς
404 1874 490 1919 ΑΔ
526 1880 685 1929 δοθείς.
739 1879 811 1922 καὶ
847 1880 937 1923 ἐπεὶ
974 1882 1155 1923 δοθεῖσα
1186 1882 1304 1925 ἐστιν
1333 1883 1358 1936 ἡ
1387 1883 1489 1926 ὑπὸ

247 2006 276 2037 1.
308 2002 363 2048 αἱ]
396 2014 465 2038 om.
492 2004 588 2048 Van,
615 2005 698 2039 add.
724 2016 770 2040 m.
798 2009 828 2039 2.
925 2009 956 2040 2.
990 2008 1058 2040 KA
1101 2009 1165 2041 ΓΔ
1189 2007 1224 2041 b.
1320 2011 1352 2042 3.
1390 2009 1470 2055 ΘΔ]

152 2051 181 2081 Α
205 2047 240 2082 b.
325 2053 357 2083 4.
386 2052 447 2084 ΓΛ
462 2051 526 2094 (pr
530 2051 557 2096 )]
586 2053 649 2085 ΓΔ
673 2051 708 2085 b.
793 2055 823 2086 6.
849 2050 932 2097 καί]
954 2062 1022 2086 om.
1071 2053 1132 2096 at„
1158 2053 1242 2089 add.
1262 2065 1308 2088 m.
1324 2057 1355 2089 2.
1440 2058 1484 2089 7.-

155 2094 240 2139 ΓΘ]
269 2097 341 2129 ΓΚ
363 2095 397 2130 b.
482 2099 513 2130 8.
541 2097 631 2142 ΓΚ]
660 2099 730 2132 ΓΘ
754 2097 788 2132 b.
872 2098 916 2143 A]
944 2101 971 2132 B
996 2098 1030 2132 b.
1116 2102 1146 2134 9.
1174 2102 1202 2133 B
1243 2103 1271 2133 A
1295 2099 1331 2134 b.
1417 2103 1484 2146 1οη

153 2140 285 2232 ΕΗΒ]
278 2143 354 2175 ΗΕ
378 2141 412 2176 b.
497 2141 544 2186 ἣν
568 2143 607 2199 ἡ]
631 2143 699 2187 τήν
724 2143 759 2178 Β.
843 2144 887 2189 A]
914 2147 941 2178 Β
966 2144 1000 2178 b.
1099 2148 1152 2179 11.
1179 2148 1207 2179 Β
1248 2149 1276 2179 Α
1301 2145 1336 2180 b.
1417 2149 1468 2181 13.

147 2186 228 2220 ὃοθ
248 2187 285 2232 ν]
311 2187 395 2222 add.
421 2191 470 2234 τῷ
496 2187 646 2233 μεγέθει
671 2189 705 2223 b.
779 2192 833 2224 15.
858 2189 941 2236 τήν]
967 2189 1005 2223 in
1030 2201 1099 2225 ras,
1125 2203 1158 2225 v.
1234 2195 1286 2225 19.
1313 2190 1409 2227 ἐστίν
1430 2191 1468 2227 Ρ.

236 2232 428 2280 ήθωσαν]
447 2223 757 2280 ἐκβεβλήσθωσαν
779 2235 815 2270 Β.
914 2237 992 2281 ΖΒ]
1019 2238 1120 2270 BZB
1144 2237 1179 2271 b.
1276 2240 1330 2272 20.
1355 2242 1399 2280 A,
1422 2238 1468 2284 Θ]

182 2232 291 2322 Ji}
368 2283 422 2314 21.
450 2282 518 2315 ΕΒ
532 2280 639 2327 (alt.)]
661 2285 688 2316 Β
708 2293 818 2326 supra
837 2293 903 2318 ser.
923 2294 968 2316 m.
985 2284 1056 2327 2(‘.>)
1076 2294 1108 2317 v.
1181 2282 1285 2329 πρός]
1305 2294 1420 2328 comp.
1435 2295 1466 2319 v.
