1520 2508
146 75 206 116 24
509 109 513 112 ,
557 75 562 80 ’
674 77 938 110 ΔΕΔΟΜΕΝΑ.

149 170 245 222 ’ἤτοι
277 173 373 211 ἴσον
405 169 541 223 ἐστίν,
575 168 600 222 ἢ
631 170 678 211 τὸ
710 168 857 224 ἕτερον
887 175 964 211 τοῦ
995 150 1348 225 ἑτέρουΟδοθέντι
1377 175 1474 225 μετ-ἒ
1515 189 1520 217 2

151 241 225 289 ζόν
256 238 386 282 ἐστιν.

239 306 329 349 ἐπεὶ
367 308 449 363 γὰρ
487 306 623 349 δοθέν
653 308 771 350 ἐστιν
803 306 1004 371 ἑκάτερον
1033 315 1120 350 τῶν
1151 310 1248 363 ΑΓ,
1273 311 1378 363 ΒΔ,
1414 310 1469 352 τὰ
1518 299 1520 307 ’

150 378 204 430 δὴ
237 375 427 418 δοθέντα
457 378 552 431 ἤτοι
584 381 655 418 ἴσα
686 376 802 420 ἐστὶν
832 377 858 431 ἢ
889 379 1029 419 ἄνισα.

101 455 124 485 5
238 448 345 488 ἑστω
376 448 589 502 πρότερον
620 451 707 489 ἴσοι·
740 451 836 489 ἴσον
866 448 949 502 ἄρα
977 446 1066 488 ἐστὶ
1095 448 1143 488 τὸ
1168 449 1260 489 ΑΓ
1283 453 1343 504 τῷ
1373 450 1485 490 ΒΛ..

147 517 298 557 κοινὸν
329 515 572 572 ἀφῃρήσθω
604 517 651 558 τὸ
683 518 784 558 ΒΓ·
829 517 981 558 λοιπὸν
1015 518 1097 571 ἄρα
1127 517 1175 558 τὸ
1206 519 1291 558 ΛΒ
1329 520 1483 574 λοιπῷ.

147 591 207 641 τῷ
240 587 319 626 ΓΔ
351 589 448 626 ἴσον
478 585 606 627 ἐστίν.

179 698 182 702 ,
235 655 293 708 μὴ
325 656 431 696 ἔστω
464 655 517 708 δὴ
544 659 628 709 ἶσα,
660 653 753 696 ἀλλ’
781 657 887 697 ἔστω
919 657 1062 709 μεῖζον
1086 657 1133 697 τὸ
1159 659 1201 696 Α
1209 658 1250 697 Γ
1274 661 1352 697 τοῦ
1374 659 1470 710 ΒΔ,

148 722 221 765 καὶ
258 726 420 766 κείσθω
457 730 517 780 τῷ
548 727 635 766 BA
674 729 769 766 ἴσον
805 725 853 766 τὸ
893 727 992 766 FE-
1035 723 1170 766 δοθὲν
1206 722 1253 766 δὲ
1286 726 1334 767 τὸ
1364 727 1468 767 ΒΔ·

80 801 126 832 10
151 790 288 835 δοθὲν
329 794 413 849 ἄρα
454 792 527 835 καὶ
568 795 616 835 τὸ
655 796 747 835 ΓΕ.
821 796 910 836 ἔστι
952 792 1000 836 δὲ
1041 793 1113 836 καὶ
1155 795 1257 837 ὅλον
1299 796 1346 836 τὸ
1383 796 1478 836 ΛΓ

149 861 303 904 δοθέν·
334 861 407 904 καὶ
437 863 591 905 λοιπὸν
621 864 669 905 τὸ
693 867 736 904 A
744 866 785 904 E
814 863 948 905 δοθέν
975 863 1104 906 ἐστιν.
1151 863 1224 905 καὶ
1254 863 1343 906 ἐπεὶ
1374 868 1471 906 ἴσον

149 930 241 974 ἐστὶ
271 933 319 974 τὸ
345 934 434 973 ΕΓ
459 938 517 988 τῷ
543 935 637 986 BA,
667 933 818 974 κοινὸν
842 932 1084 988 ἀφῃρήσθω
1110 934 1157 974 τὸ
1182 935 1285 974 ΒΓ·
1317 934 1472 989 λοιπὸν

149 1003 234 1056 ἄρα
263 1002 311 1043 τὸ
337 1004 422 1043 ΒΕ
451 1005 586 1058 λοιπῷ
617 1008 674 1058 τῷ
701 1004 780 1043 ΓΛ
811 1006 906 1044 ἴσον
938 1002 1066 1044 ἐστίν.
1113 1004 1189 1044 καί
1216 1002 1305 1044 ἐστι
1335 1000 1495 1054 δοθὲν,4

156 1072 204 1112 τὸ
236 1074 344 1112 ΑΕ·
376 1071 423 1113 τὸ
455 1073 540 1112 AB
572 1072 655 1126 ἄρα
685 1077 763 1112 τοῦ
795 1074 875 1113 ΓΔ
905 1072 1082 1114 δοθέντι
1112 1073 1254 1126 μέἰζόν
1285 1071 1413 1113 ἐστιν.

80 1242 125 1272 15
779 1232 853 1286 ιγ’.

235 1324 335 1367 Ἐὰν
371 1322 398 1381 ᾗ
434 1327 532 1380 τρία
568 1325 749 1379 μεγέθη,
791 1324 862 1366 καὶ
898 1326 946 1366 τὸ
977 1323 1055 1379 μὲν
1084 1332 1256 1380 πρῶτον
1285 1326 1393 1379 πρὸς
1423 1326 1472 1367 τὸ

150 1395 358 1450 δεύτερον
400 1396 531 1448 λόγον
573 1396 646 1449 ἔχῃ
689 1393 942 1449 δεδομένον,
984 1395 1031 1436 τὸ
1069 1392 1116 1436 δὲ
1153 1395 1356 1449 δεύτερον
1393 1399 1471 1436 τοῦ

149 1467 300 1520 τρίτου
337 1463 514 1506 δοθέντι
551 1466 693 1516 μεῖζον
728 1460 756 1519 ᾗ
792 1463 818 1517 ἢ
855 1463 902 1505 ἐν
939 1465 1071 1520 λόγῳ,
1113 1463 1184 1505 καὶ
1221 1465 1268 1505 τὸ
1299 1470 1473 1517 πρῶτον

151 1539 232 1575 τοῦ
262 1536 411 1589 τρίτου
443 1532 620 1575 δοθέντι
650 1535 793 1587 μεῖζον
824 1535 941 1581 ἔσται
972 1532 997 1586 ἢ
1029 1533 1076 1575 ἐν
1107 1534 1231 1589 λόγῳ.

78 1611 126 1643 20
239 1605 346 1644 ἔστω
377 1605 475 1658 τρία
504 1601 666 1657 μεγέθη
698 1603 749 1644 τὰ
779 1605 879 1656 ΑΒ,
906 1604 997 1656 ΓΔ,
1022 1605 1072 1656 Ε,
1103 1601 1174 1643 καὶ
1203 1603 1250 1643 τὸ
1281 1600 1359 1656 μὲν
1385 1604 1470 1643 ΑΒ

149 1673 259 1728 πρὸς
288 1673 336 1714 τὸ
363 1673 442 1713 ΓΛ
472 1673 603 1725 λόγον
635 1671 761 1726 ἐχέτω
793 1672 1039 1726 δεδομένον,
1069 1672 1117 1713 τὸ
1149 1669 1196 1712 δὲ
1223 1673 1301 1712 ΓΔ
1330 1677 1407 1712 τοῦ
1432 1674 1475 1713 Ε
1505 1715 1508 1717 ,

150 1740 331 1784 δοθέντι
361 1743 504 1796 μεῖζον
534 1743 641 1783 ἔστω
672 1740 698 1794 ἢ
730 1739 776 1782 ἐν
801 1732 939 1797 λόγῳ·
970 1740 1094 1794 λέγω,
1125 1741 1190 1782 ὅτι
1215 1739 1286 1781 καὶ
1311 1741 1358 1782 τὸ
1385 1741 1499 1782 AB*

150 1817 230 1853 τοῦ
260 1814 302 1853 Ε
329 1808 506 1860 δοθέντι
537 1811 680 1864 μεῖζόν
711 1809 830 1851 ἐστιν
861 1808 886 1862 ἢ
919 1809 965 1850 ἐν
996 1811 1122 1865 λόγῳ.

241 1879 330 1922 ἐπεὶ
361 1880 442 1934 γὰρ
474 1880 522 1921 τὸ
550 1881 628 1920 ΓΛ
658 1884 736 1920 τοῦ
767 1882 808 1920 Ε
836 1877 1013 1920 δοθέντι
1044 1879 1186 1933 μεῖζόν
1217 1877 1336 1919 ε’στιν
1366 1877 1391 1931 ἢ
1423 1877 1472 1920 ἐν

81 1959 127 1990 25
153 1953 288 2007 λόγῳ,
331 1949 576 2004 ἀφῃρήσθω
614 1949 662 1990 τὸ
700 1946 835 1990 δοθὲν
871 1947 1053 2003 μέγεθος
1089 1949 1136 1990 τὸ
1175 1949 1271 1989 ΓΖ·
1316 1951 1471 1989 λοιποῦ
1492 1982 1500 1991 .

246 2125 278 2155 3.
304 2121 393 2155 Post
418 2119 590 2155 ἐπείτειε.
617 2124 638 2154 3
663 2120 735 2154 litt.
761 2132 793 2154 v.
913 2124 943 2154 4.
970 2119 1095 2165 ἄνισα]
1122 2119 1164 2154 οὔ
1190 2129 1222 2153 a.
1343 2122 1371 2152 7.
1399 2116 1471 2153 ἐπί

154 2168 259 2203 codd.
373 2170 403 2201 8.
436 2166 527 2202 ἀλλά
553 2178 585 2202 a.
697 2172 761 2202 τοῦ
787 2167 864 2222 BA]
896 2177 963 2200 om.
991 2177 1023 2200 a.
1144 2169 1196 2200 11.
1227 2168 1255 2199 Α
1265 2165 1311 2211 Ε]
1337 2167 1404 2200 ΕΑ
1435 2175 1467 2198 a.

202 2218 256 2249 14.
281 2213 321 2248 τό
337 2213 412 2260 (alt.
416 2214 443 2259 )]
469 2217 517 2260 τῷ
541 2213 625 2248 Vat.
722 2217 775 2247 16.
803 2210 883 2258 μέν]
910 2223 978 2247 om.
1005 2213 1037 2258 β.
1123 2215 1175 2246 20
1202 2210 1355 2256 μεγέθη]
1381 2221 1469 2245 corr.

155 2272 199 2296 ex
225 2259 374 2305 μεγέθει
398 2271 445 2294 m.
467 2264 486 2293 2
512 2272 544 2294 v.
620 2258 679 2305 τά]
706 2270 794 2294 con.
821 2269 863 2293 ex
888 2259 929 2294 τό
954 2271 999 2293 m.
1022 2263 1041 2293 2
1061 2259 1144 2293 Vat.
1231 2261 1285 2292 22.
1314 2257 1411 2292 ἔσται
1434 2268 1468 2290 v.
