1520 2508
124 83 178 124 74
647 87 912 121 AEAOMENA.

51 855 94 887 10

51 1202 93 1233 15

48 1548 93 1579 20

47 1893 91 1925 25

119 177 204 220 ὑπὸ
240 185 327 220 τῶν
358 181 489 220 ΒΑΓ
517 185 568 234 τῇ
604 179 689 221 ὑπὸ
720 187 807 221 τῶν
836 183 986 235 ΔΖΕ,
1028 180 1126 237 περὶ
1163 179 1210 223 δὲ
1245 182 1321 231 τὰς
1355 182 1464 242 ὑπὸ,
1499 187 1501 191 ’

120 254 207 289 τῶν
232 249 369 301 ΒΑΓ,
388 251 523 289 ΔΖΕ
544 250 705 301 γωνίας
727 249 803 299 τὰς
826 251 1015 306 πλευρὰς
1037 250 1265 305 ἀνάλογον,
1290 251 1440 306 ὅμοιον
1455 261 1469 310 'ss

120 317 203 371 ἄρα
234 315 324 357 ἐστὶ
354 317 402 358 τὸ
434 319 572 358 ΑΒΓ
599 320 813 373 τρίγωνον
849 326 908 376 τῷ
939 323 1072 361 ΔΕΖ
1103 321 1312 378 τριγώνῳ.
1373 320 1465 364 δέ·
1507 332 1511 340 “

120 386 242 426 δοται
273 383 320 427 δὲ
351 386 398 427 τὸ
424 389 559 428 ΔΖΕ
587 393 645 444 τῷ
678 388 800 429 εἴδει·
832 388 1003 430 δέδοται
1034 390 1117 445 ἄρα
1141 388 1213 431 καὶ
1237 391 1284 432 τὸ
1311 385 1466 433 ΑΒΓ

119 457 334 510 τρίγωνον
364 461 423 511 τῷ
455 456 571 498 εἴδει.
1460 463 1464 467 ’

739 560 827 615 μβ’-

203 638 301 681 Ἐὰν
326 642 541 695 τριγώνου
567 642 616 683 αἰ
633 640 815 697 πλευραὶ
832 643 941 698 πρὸς
960 643 1146 697 ἀλλήλας
1164 646 1295 697 λόγον
1315 646 1439 699 ἔχωσι

119 707 372 763 δεδομένον,
403 708 575 752 δέδοται
606 711 654 752 τὸ
685 713 899 767 τρίγωνον
930 718 989 768 τῷ
1021 713 1137 754 εἴδει.
1464 704 1465 707 Ἴ

204 778 420 833 τριγώνου
451 780 533 834 γὰρ
564 785 642 821 τοῦ
668 783 805 822 ΑΒΓ
827 782 876 822 αἱ
902 780 1085 837 πλευραὶ
1116 782 1224 838 πρὸς
1254 781 1439 835 ἀλλήλας
1470 819 1471 823 ,

119 848 249 900 λόγον
286 847 498 902 ἐχέτωσαν
534 848 786 904 δεδομένον·
830 849 959 904 λέγω,
998 851 1064 892 ὅτι
1100 852 1148 893 τὸ
1180 854 1317 893 ΑΒΓ
1351 853 1439 907 τρί-
1470 888 1495 905 .Ὶ

121 931 265 968 γωνον
296 915 468 959 δέδοται
498 924 558 974 τῷ
592 918 708 959 εἴδει.
1473 955 1475 967 2

207 985 416 1027 ἐκκείσθω
459 986 541 1041 γὰρ
585 986 793 1041 δεδομένη
830 994 889 1044 τῷ
926 987 1099 1042 μεγέθει
1136 989 1286 1031 εὐθεῖα
1322 988 1348 1042 ἡ
1386 993 1439 1031 Δ.
1472 993 1475 996 ’

118 1053 190 1096 καὶ
221 1053 310 1096 ἐπεὶ
340 1056 468 1108 λόγος
499 1054 588 1097 ἐστὶ
612 1061 687 1110 τῆς
711 1060 753 1098 Α
762 1059 798 1098 Β
828 1057 936 1112 πρὸς
961 1060 1049 1099 ΒΓ
1071 1058 1233 1112 δοθείς,
1264 1058 1286 1101 6
1313 1059 1442 1108 αὐτὸς
1466 1073 1469 1075 “

120 1124 236 1181 αὐτῷ
262 1123 471 1178 γεγονέτω
498 1124 520 1167 ὁ
546 1130 621 1178 τῆς
644 1129 688 1166 A
716 1126 824 1178 πρὸς
848 1127 928 1180 τὴν
952 1129 1001 1168 Ε.
1052 1127 1233 1169 δοθεῖσα
1259 1125 1307 1169 δὲ
1331 1128 1356 1182 ἡ
1381 1131 1440 1170 A·
1470 1154 1471 1157 =

119 1194 300 1235 δοθεῖσα
331 1194 415 1249 ἄρα
444 1192 516 1235 καὶ
547 1194 573 1248 ἡ
603 1197 653 1235 Ε.
701 1194 833 1236 πάλιν
864 1193 954 1236 ἐπεὶ
984 1197 1112 1248 λόγος
1142 1195 1231 1238 ἐστὶ
1260 1202 1335 1251 τῆς
1361 1198 1448 1239 ΒΓ
1468 1189 1489 1249 ἑ

116 1264 225 1318 πρὸς
253 1264 333 1317 τὴν
358 1266 401 1305 A
409 1265 451 1305 Γ
474 1264 636 1316 δοθείς,
667 1263 690 1305 ὁ
722 1263 852 1313 αὐτὸς
877 1264 993 1320 αὐτῷ
1019 1264 1229 1318 γεγονέτω
1255 1265 1278 1308 6
1303 1271 1379 1320 τῆς
1402 1269 1443 1308 Ε
1467 1269 1487 1313 j

118 1333 226 1387 πρὸς
255 1333 334 1386 τὴν
368 1334 415 1373 Ζ.
470 1333 654 1374 δοθεῖσα
685 1330 733 1374 δὲ
763 1332 788 1386 ἡ
821 1336 882 1374 Ε·
911 1333 1094 1375 δοθεῖσα
1125 1335 1208 1389 ἄρα
1238 1333 1309 1376 καὶ
1339 1334 1365 1388 ἡ
1393 1338 1439 1377 Ζ.
1470 1343 1472 1347 ’

118 1399 191 1443 καὶ
222 1399 267 1442 ἐκ
296 1407 432 1456 τριῶν
462 1400 664 1455 εὐθειῶν,
695 1402 744 1442 αἴ
771 1403 882 1443 εἰσιν
914 1406 1003 1443 ἴσαι
1032 1402 1148 1458 τρισὶ
1178 1411 1272 1453 ταῖς
1297 1405 1441 1446 δοθεί-

117 1481 213 1519 σαις
242 1477 336 1519 ταῖς
359 1474 416 1524 Δ,
434 1473 485 1524 Ε,
507 1473 556 1524 Ζ,
587 1467 650 1512 ὧν
680 1471 729 1512 αἰ
756 1471 837 1512 δύο
867 1477 943 1525 τῆς
972 1474 1124 1526 λοιπῆς
1147 1471 1334 1526 μείζονές
1358 1474 1440 1515 εἰσι
1474 1469 1480 1517 ἶ

118 1539 256 1595 πάντῃ
275 1541 716 1594 μεταλαμβανόμεναι,
735 1542 950 1595 τρίγωνον
963 1541 1208 1583 συνεστάτω
1222 1542 1269 1584 τὸ
1283 1544 1439 1584 ΗΘΚ·
1470 1532 1474 1541 ³

117 1609 225 1650 ὥστε
269 1612 368 1662 ἴσην
404 1605 515 1650 εἶναι
552 1610 631 1663 τὴν
667 1606 746 1663 μὲν
781 1613 824 1650 A
866 1616 916 1665 τῇ
954 1612 1067 1663 ΗΘ,
1110 1611 1190 1664 τὴν
1226 1608 1274 1652 δὲ
1311 1614 1352 1652 Ε
1389 1617 1439 1667 τῇ
1471 1614 1474 1663 ζ

120 1680 222 1732 ΘΚ,
270 1678 351 1732 τὴν
393 1675 440 1720 δὲ
484 1681 520 1719 Ζ
567 1685 618 1734 τῇ
661 1680 765 1720 ΗΚ.
843 1679 1024 1737 δοθεῖσα
1068 1676 1116 1721 δὲ
1158 1678 1311 1734 ἑκάστη
1353 1687 1440 1722 τῶν

117 1752 178 1801 Δ,
208 1751 264 1801 Ε,
298 1750 350 1788 Ζ·
400 1748 582 1789 δοθεῖσα
623 1746 709 1803 ἄρα
751 1746 824 1788 καὶ
865 1746 1018 1802 ἑκάστη
1060 1755 1148 1790 τῶν
1190 1751 1301 1803 ΗΘ,
1341 1751 1438 1803 ΘΚ,
1481 1789 1484 1792 ,

117 1819 216 1859 ΚΗ
240 1823 299 1873 τῷ
331 1815 522 1871 μεγέθει·
566 1815 738 1858 δέδοται
769 1818 852 1872 ἄρα
883 1818 930 1859 τὸ
962 1819 1108 1859 ΗΘΚ
1135 1820 1349 1873 τρίγωνον
1379 1823 1437 1876 τῷ
1471 1814 1479 1836 ⁵

117 1887 234 1928 εῖδει.
293 1884 366 1927 καὶ
397 1885 491 1927 ἐπεί
518 1885 635 1928 ἐστιν
667 1886 725 1935 ὡς
755 1886 781 1940 ἡ
813 1889 899 1928 AB
929 1887 1038 1942 πρὸς
1067 1887 1147 1941 τὴν
1177 1889 1271 1941 ΒΓ,
1303 1887 1439 1938 οὕτως

115 1953 141 2007 ἡ
173 1957 215 1995 A
250 1955 359 2009 πρὸς
388 1955 468 2008 τὴν
498 1957 556 2008 Ε,
600 1958 670 2008 ἴση
702 1952 750 1996 δὲ
785 1954 811 2008 ἡ
842 1952 921 2009 μὲν
951 1959 994 1996 A
1028 1962 1079 2010 τῇ
1110 1957 1220 2010 ΗΘ,
1263 1957 1289 2011 ἡ
1324 1955 1371 1999 δὲ
1401 1960 1442 2000 Ε

210 2083 239 2114 1.
274 2080 395 2125 ΒΑΓ]
421 2082 530 2114 ΑΒΓ
549 2079 584 2123 b,
610 2078 699 2113 item
723 2078 786 2114 lin.
813 2083 844 2113 2.
936 2083 966 2114 2.
988 2082 1099 2114 ΔΖΕ
1145 2083 1255 2116 ΔΕΖ
1279 2082 1313 2117 b.
1405 2086 1435 2118 6.
1466 2058 1471 2113 s

116 2126 178 2172 μβ’
221 2125 282 2170 μγ’
300 2125 334 2160 b.
409 2129 439 2160 8.
466 2126 529 2172 τῷ]
556 2125 595 2160 ἐν
615 2128 663 2172 τῷ
687 2125 721 2160 b.
802 2128 831 2160 9.
859 2126 989 2171 ΑΒΓ]
1015 2129 1088 2160 ΑΓ
1134 2154 1140 2161 .
1232 2131 1285 2163 10.
1313 2127 1330 2163 ἐ
1355 2126 1437 2164 ε’τω-
1479 2129 1482 2160 ξ

116 2127 200 2217 σαν]]
222 2171 342 2217 ἔχουσι
366 2172 400 2206 b.
499 2175 551 2206 12.
578 2174 626 2218 τῷ
646 2169 809 2217 μεγέθει]
836 2181 904 2206 om.
920 2171 954 2206 b.
1053 2175 1106 2207 16.
1133 2175 1205 2207 ΑΓ
1251 2177 1315 2209 ΑΒ
1374 2177 1436 2219 at„

116 2221 180 2252 BA
205 2229 236 2252 v.
359 2222 412 2253 17.
438 2217 520 2264 τήν]
552 2228 620 2253 om.
647 2217 681 2252 b.
789 2215 867 2263 καί]
899 2228 968 2252 om.
994 2217 1028 2253 b.
1138 2221 1190 2253 18.
1247 2221 1305 2255 ost
1328 2226 1437 2265 τριῶν

115 2263 198 2299 add.
226 2263 273 2307 δή
296 2264 331 2299 b.
443 2262 551 2310 τρισί]
581 2275 648 2299 om.
675 2263 708 2299 b.
830 2266 883 2298 19.
915 2264 1009 2310 ταῖς]
1042 2269 1085 2310 τῇ
1109 2263 1143 2299 b.
1262 2265 1435 2313 μείζονες]
1472 2275 1479 2315 J
