1520 2508
638 67 778 101 DATA.
1328 64 1386 105 63

40 166 180 209 rectae
211 164 300 205 ΒΓ
328 161 534 218 pasaflela
570 162 752 204 dueatur
791 164 887 204 ZK.
958 161 1072 215 dico,
1118 164 1207 204 ZK
1241 162 1388 204 datam

39 249 134 279 ‚ense
162 233 385 290 positione.

129 305 305 347 ducatur
342 304 455 346 enim
490 319 515 345 a
544 306 706 359 puncto
739 308 782 345 A
819 304 873 345 ad
905 306 995 347 ΒΓ
1023 303 1387 360 perpendicularis

42 378 131 419 ΛΘ
165 378 207 418 et
243 375 447 417 educatur
484 374 537 416 ad
574 376 631 416 H.
701 374 906 429 quoniam
944 390 969 417 a
1005 376 1106 418 dato
1143 378 1306 431 puncto
1345 378 1388 416 A

43 447 95 490 ad
123 449 283 489 rectam
313 444 528 501 positione
560 445 705 487 datam
738 448 831 487 ΒΓ
859 450 978 489 reeta
1013 446 1129 489 linea
1160 446 1290 488 ducta
1320 448 1387 487 est

720 520 763 558 Α
773 519 810 559 Θ
847 517 996 559 datum
1027 517 1218 560 efficiens
1256 531 1389 573 angu-

52 610 122 644 2-
312 588 365 620 Η
432 587 473 618 E
602 612 654 645 K
719 588 810 629 lum
830 590 975 642 ΑΘΓ,
1007 591 1126 630 recta
1149 590 1289 631 ΘΑΗ
1313 601 1387 643 po-

285 668 325 703 A
721 659 878 700 sitione
940 659 1040 701 data
1099 659 1182 701 erit
1241 659 1386 714 [prop.

678 730 683 734 '
718 729 877 785 XXX}
940 745 1091 772 uerum
1132 730 1265 772 etiam
1302 731 1393 771 ΒΓ

44 805 83 841 Β
109 771 155 809 Δ
350 777 386 808 Θ
533 807 641 838 -Γ
718 801 934 856 positione
975 801 1076 843 data
1113 805 1196 858 est;
1238 801 1385 855 itaque

717 875 928 927 punctum
945 875 982 914 Θ
1002 873 1151 914 datum
1165 875 1231 914 est
1245 872 1385 927 [prop.

37 940 187 996 XXV]
250 957 401 984 uerum
438 943 570 985 etiam
600 947 643 985 A
681 943 828 985 datum
866 946 942 985 est.
1014 957 1118 999 ergo
1157 946 1248 985 ΑΘ
1285 943 1386 984 data

37 1015 103 1055 est
140 1012 276 1069 [prop.
307 1013 485 1068 XXVI]
553 1017 597 1055 et
635 1014 839 1069 quoniam
875 1015 988 1056 ratio
1023 1018 1111 1056 AA
1130 1030 1139 1056 :
1160 1017 1251 1056 AE
1286 1015 1387 1055 data

38 1086 103 1126 est
144 1087 187 1126 et
229 1087 316 1126 AA
342 1100 350 1126 :
377 1087 468 1126 AE
492 1105 546 1119 =
576 1087 657 1126 ΘΑ
683 1100 692 1126 :
718 1087 819 1126 AH
858 1084 954 1140 [VI‚
983 1084 1051 1140 4],
1096 1085 1228 1126 etiam
1271 1084 1384 1126 ratio

41 1156 120 1197 ΘΑ
139 1170 148 1196 :
168 1159 211 1197 A
218 1157 270 1197 H
290 1155 390 1197 data
410 1155 491 1197 erit
518 1155 615 1210 [def.
637 1155 695 1210 2].
746 1156 846 1197 data
865 1159 932 1197 est
953 1158 1098 1197 autem
1121 1158 1213 1198 ΘΑ.
1255 1170 1384 1211 quare

39 1223 168 1267 etiam
194 1228 295 1267 AH
321 1226 422 1267 data
447 1229 513 1268 est
545 1226 683 1281 [prop.
710 1225 783 1281 Π].
834 1241 985 1268 uerum
1011 1226 1139 1268 etiam
1167 1226 1384 1282 positione

39 1295 137 1338 data
167 1299 243 1338 est.
307 1300 349 1338 et
387 1297 535 1339 datum
567 1300 633 1338 est
668 1300 879 1352 punctum
910 1301 970 1353 A3
1015 1312 1144 1352 quare
1177 1297 1308 1339 etiam
1339 1300 1392 1339 H

38 1365 184 1408 datum
221 1369 286 1408 est
324 1367 461 1422 [prop.
488 1367 687 1422 XXVII]
754 1367 841 1409 iam
879 1368 1084 1423 quoniam
1119 1383 1197 1424 per
1238 1369 1387 1410 datum

37 1440 244 1492 punctum
269 1440 320 1479 H
345 1440 487 1480 rectae
514 1441 604 1480 ΒΓ
627 1438 843 1493 positione
876 1439 1000 1481 data-e
1031 1439 1237 1494 parallela
1267 1442 1387 1481 reeta

37 1506 150 1550 linea
198 1508 326 1550 ducta
352 1512 440 1550 est
485 1511 584 1559 ZH
589 1511 648 1565 Κ,
696 1512 794 1551 ΖΗ
797 1512 842 1551 Κ
886 1509 1103 1565 positione
1153 1511 1254 1552 data
1304 1510 1387 1552 erit

39 1577 176 1634 [prop.
199 1577 422 1634 XXVIII}

600 1644 820 1687 XXXVII.

128 1718 173 1761 Si
204 1720 257 1761 ad
286 1720 514 1775 parallelas
545 1724 685 1763 rectas
722 1722 938 1777 positione
971 1723 1092 1766 datas
1123 1726 1242 1765 recta
1271 1723 1386 1765 linea

43 1789 211 1832 ducitur
250 1794 293 1833 et
330 1794 498 1834 secatur
530 1793 763 1835 secundum
795 1793 940 1835 datam
971 1794 1200 1848 rationem,
1239 1797 1282 1836 et
1312 1809 1389 1849 per

40 1861 271 1903 terminum
320 1862 523 1905 sectionis
573 1864 702 1906 rectis
751 1865 968 1919 positione
1019 1865 1131 1906 datis
1182 1865 1387 1922 parallela

38 1934 157 1973 recta
186 1931 298 1974 linea
330 1933 510 1988 ducitur,
543 1934 672 1978 ducta
702 1938 820 1977 recta
852 1935 952 1976 data
983 1938 1049 1976 est
1080 1935 1307 1990 positione.

126 2016 227 2044 nam
259 2003 311 2045 ad
341 2004 567 2058 parallelas
598 2008 738 2047 rectas
769 2006 985 2060 positione
1018 2006 1138 2047 datas
1170 2009 1258 2048 AB
1265 2041 1277 2062 ‚
1303 2009 1384 2048 ΓΔ

37 2074 156 2114 recta
190 2072 305 2115 linea
340 2074 519 2117 ducatur
556 2078 598 2117 E
604 2079 640 2117 Z
684 2079 727 2118 et
765 2079 933 2119 secetur
970 2077 1203 2119 secundum
1241 2078 1385 2119 datam

41 2141 254 2184 rationem
280 2146 374 2186 ZH
387 2160 397 2186 :
416 2147 521 2200 HE,
553 2149 597 2188 et
629 2147 834 2188 educatur
864 2162 940 2202 per
971 2151 1180 2202 punctum
1204 2151 1257 2190 H
1281 2149 1386 2190 utri-

41 2225 122 2267 que
161 2216 249 2255 AB
260 2247 271 2268 ‚
299 2216 379 2256 ΓΔ
414 2217 621 2271 parallela,
660 2220 757 2259 ΘΚ.
829 2217 942 2274 dico,
988 2220 1078 2260 ΘΚ
1111 2219 1254 2261 datam
1293 2234 1386 2262 esse

43 2283 270 2337 positione.
