1520 2508
95 890 139 922 10

97 1247 138 1278 15

96 1592 140 1622 20

163 110 248 151 104
687 113 953 146 AEAOMENA.

162 211 249 245 τῶν
280 206 358 245 ΓΑ
368 207 416 257 B,
448 200 510 245 ὧν
540 204 566 257 ἡ
596 204 680 245 ὑπὸ
705 207 836 246 ΔΑΒ
867 205 1049 247 δοθεῖσά
1080 205 1210 260 ἐστιν,
1240 208 1476 263 λοιπὴκᾶρα

163 273 188 326 ἡ
224 273 309 314 ὑπὸ
347 279 435 314 τῶν
466 275 589 314 ΓΑΔ
632 272 721 314 ἐστι
759 274 951 315 δοθεῖσα.
1023 276 1112 316 ἔστι
1149 272 1197 316 δὲ
1231 274 1303 316 καὶ
1338 275 1363 328 ἡ
1393 275 1474 319 ὑπὸ

163 349 250 382 τῶν
282 343 403 382 ΓΔΑ
434 342 632 383 δοθεῖσα·
670 342 783 397 ὀρθὴ
814 342 912 397 γάρ·
954 344 1080 396 λοιπὴ
1111 344 1193 398 ἄρα
1224 344 1250 397 ἡ
1279 343 1363 386 ὑπὸ
1392 352 1476 387 τῶν

163 412 291 451 ΑΓΔ
322 410 504 452 δοθεῖσά
535 411 668 452 ἐστιν·
713 410 883 452 δέδοται
914 413 997 466 ἄρα
1026 413 1075 453 τὸ
1106 416 1148 453 Α
1157 414 1235 453 ΓΔ
1266 415 1475 467 τρίγωνον

162 485 221 535 τῷ
253 479 374 520 εἴδει·
406 481 533 532 λόγος
557 481 640 534 ἄρα
666 479 754 521 ἐστὶ
778 486 853 534 τῆς
875 482 954 522 ΓΑ
982 482 1090 535 πρὸς
1114 482 1193 534 τὴν
1212 485 1296 522 ΑΔ
1320 482 1475 532 δοθείς.

163 553 237 600 τῆς
268 545 316 588 δὲ
345 551 431 589 ΔΛ
460 549 569 603 πρὸς
598 550 677 602 τὴν
708 552 794 590 ΑΒ
825 551 952 602 λόγος
982 548 1071 591 ἐστὶ
1102 551 1267 599 δοθείς·
1305 549 1376 592 καὶ
1404 557 1475 605 τῆς

164 618 243 657 ΓΑ
279 617 362 671 ἄρα
397 617 505 671 πρὸς
540 618 620 670 τὴν
650 620 736 658 ΑΒ
773 619 900 670 λόγος
928 617 1025 673 Ῐέστὶ
1056 619 1225 672 ,δοθείς.
1289 621 1365 660 καί
1390 619 1475 662 ε’στι

163 686 346 727 δοθεῖσα
376 686 402 739 ἡ
434 688 529 726 BA·
572 686 753 727 δοθεῖσα
784 687 867 741 ἄρα
897 686 968 727 καὶ
998 687 1024 740 ἡ
1057 689 1152 728 ΑΓ.
1212 690 1287 728 καί
1314 687 1400 729 ἐστι
1429 689 1475 731 τὸ

163 754 323 803 πλάτος
352 760 430 795 τοῦ
460 757 803 809 παραβλήματος.

786 897 839 935 νη
860 913 869 923 .

260 960 359 1002 Ἐὰν
402 959 538 1003 δοθὲν
579 962 694 1017 παρὰ
738 963 946 1004 δοθεῖσαν
985 964 1245 1017 παραβληθῇ
1289 962 1477 1006 ἐλλεῖπον

165 1031 269 1071 εἴδει
301 1029 516 1086 δεδομένῳ
547 1037 605 1087 τῷ
637 1032 760 1084 εἴδει,
795 1030 966 1072 δέδοται
996 1032 1047 1072 τὰ
1076 1031 1214 1084 πλάτη
1245 1037 1321 1072 τοῦ
1353 1031 1477 1079 ἐλλεί-Ι

164 1114 307 1153 ματος.
615 1131 618 1135 .

253 1166 389 1210 δοθὲν
419 1169 500 1224 γὰρ
532 1170 579 1210 τὸ
611 1171 704 1210 ΑΓ
733 1170 848 1223 παρὰ
879 1170 1088 1211 δοθεῖσαν
1119 1171 1198 1223 τὴν
1228 1173 1314 1210 ΑΔ
1348 1183 1478 1225 παρα-

164 1240 394 1292 βεβλήσθω
426 1238 621 1280 ἐλλεῖπον
652 1239 756 1279 εἴδει
787 1237 1003 1294 δεδομένῳ
1034 1244 1092 1295 τῷ
1127 1240 1222 1279 ΓΔ·
1264 1237 1386 1292 λέγω,
1415 1238 1477 1280 ὅτι

165 1307 347 1348 δοθεῖσά
378 1306 495 1348 ἐστιν
527 1305 702 1362 ἑκατέρα
732 1296 819 1348 τὼν
851 1310 887 1348 Β
897 1309 943 1360 Γ,
969 1310 1061 1348 ΒΔ.

251 1377 476 1430 τετμήσθω
508 1376 589 1430 γὰρ
621 1376 647 1429 ἡ
673 1380 759 1417 ΑΔ
791 1377 889 1430 δίχα
916 1377 1022 1417 κατὰ
1046 1377 1094 1417 τὸ
1120 1379 1160 1417 Ε
1188 1384 1379 1430 σημεῖον·
1410 1377 1478 1418 δο-

164 1449 292 1487 θεῖσα
331 1445 414 1498 ἄρα
446 1443 562 1485 ἐστὶν
598 1444 624 1498 ἡ
655 1447 748 1486 ΕΔ.
809 1443 881 1486 καὶ
923 1444 1242 1499 ἀναγεγράφθω
1286 1445 1367 1486 ἀπὸ
1409 1451 1478 1499 τῆς

165 1517 248 1555 ΕΔ
278 1519 337 1570 τῷ
364 1515 443 1554 ΓΔ
475 1513 625 1567 ὅμοιον
655 1512 726 1554 καὶ
757 1513 915 1567 ὁμοίως
944 1516 1142 1567 κείμενον
1173 1514 1477 1568 εὐθύγραμμον

164 1584 212 1625 τὸ
238 1586 334 1636 ΕΖ,
364 1580 436 1623 καὶ
465 1582 810 1637 καταγεγράφθω
842 1583 890 1624 τὸ
921 1589 1078 1637 σχῆμα·
1110 1581 1281 1624 δέδοται
1306 1584 1388 1638 ἄρα
1411 1579 1479 1624 καὶ

165 1653 213 1694 τὸ
239 1655 321 1694 ΕΖ
351 1658 410 1708 τῷ
442 1652 558 1693 εῖδει.
609 1650 681 1692 καὶ
712 1650 801 1692 ἐπεὶ
833 1651 915 1693 ἀπὸ
947 1650 1178 1706 δεδομένης
1208 1652 1381 1701 εὐθείας
1409 1657 1480 1706 τῆς

165 1725 254 1763 ΕΔ
297 1719 530 1775 δεδομένον
565 1726 624 1776 τῷ
661 1721 766 1761 εἴδει
802 1717 916 1769 εἶδος
953 1720 1269 1775 ἀναγέγραπται
1304 1722 1351 1762 τὸ
1387 1722 1479 1774 ΕΖ,

166 1789 338 1832 δέδοται
369 1791 452 1844 ἄρα
482 1790 530 1830 τὸ
561 1792 643 1830 ΕΖ
679 1795 738 1845 τῷ
774 1788 957 1843 μεγέθει.
1017 1791 1093 1830 καί
1121 1790 1238 1831 ἐστιν
1270 1793 1365 1831 ἴσον
1394 1796 1480 1839 τοῖς

165 1861 263 1913 ΑΓ,
289 1861 393 1900 ΚΘ·
437 1857 608 1900 δέδοται
645 1859 728 1912 ἄρα
763 1857 835 1899 καὶ
872 1859 923 1899 τὰ
960 1861 1057 1911 ΑΓ,
1082 1861 1171 1899 ΚΘ
1204 1865 1263 1911 τῷ
1299 1856 1479 1912 μεγέθει.

261 1965 291 1995 1.
318 1961 438 2006 ΔΑΒ]
465 1962 569 1995 ΒΑΘ
594 1960 628 1995 b.
750 1964 781 1994 2.
817 1962 909 1994 ΓΑΔ
957 1970 1044 1994 corr.
1073 1970 1116 1994 ex
1140 1962 1242 1994 ΑΓΛ
1267 1972 1313 1994 m.
1340 1963 1360 1994 2
1385 1959 1477 2003 Vah,

168 2009 270 2042 ΓΑΘ
294 2006 329 2041 b.
449 2006 521 2040 ἐστι
545 2027 591 2032 -
615 2009 646 2040 4.
672 2007 789 2052 ΑΓΔ]
821 2017 890 2040 om.
951 2007 1000 2041 ab.
1120 2009 1151 2040 3.
1186 2007 1293 2051 ΓΔΑ]
1321 2007 1419 2041 ΓΘΑ
1442 2004 1476 2040 b.

212 2057 244 2088 4.
276 2055 378 2087 ΑΓΔ
397 2054 616 2097 (utrumque)
663 2054 771 2087 ΑΓΘ
795 2052 830 2086 b.
938 2055 968 2086 ὃ.
1000 2053 1078 2097 ΑΔ]
1104 2053 1174 2087 ΑΘ
1198 2052 1232 2086 b.
1340 2056 1371 2087 6.
1402 2055 1434 2086 Δ

165 2101 242 2134 ΑΘ
272 2099 306 2134 b.
415 2099 494 2144 AB]
527 2102 589 2132 BA
649 2126 655 2132 .
760 2102 790 2132 8.
823 2097 911 2142 ἄρα]
937 2097 1010 2141 ἄρα
1041 2096 1114 2132 ἐστί
1144 2098 1178 2132 b.
1280 2096 1343 2133 καί
1367 2097 1456 2142 (alt.)

165 2144 256 2189 πρός
280 2145 314 2179 b.
397 2143 485 2190 ἐστι]
512 2155 580 2178 om.
601 2144 684 2178 Vat.
781 2148 835 2178 12.
860 2142 992 2189 πλάτη]
1019 2155 1108 2178 corr.
1134 2154 1178 2178 ex
1203 2143 1302 2178 ἁπλᾶ
1325 2149 1369 2190 τῇ
1393 2155 1438 2178 m.
1457 2145 1477 2177 Ξ

165 2192 249 2227 Vat.
348 2189 566 2236 ἐλλείματος]
594 2189 819 2230 ἐλλείποντος
842 2190 877 2224 b.
981 2194 1034 2224 15.
1068 2191 1147 2236 ΓΔ]
1172 2194 1205 2224 Δ
1214 2193 1248 2224 Γ
1268 2190 1331 2224 vb.
1425 2191 1477 2224 16.

167 2238 259 2283 ΒΓ]
287 2239 351 2271 ΓΒ
377 2236 411 2271 b.
510 2240 563 2271 17.
590 2235 690 2282 δίχα]
715 2236 772 2270 bis
797 2236 899 2279 Vat.‚
931 2236 994 2270 alt.
1022 2236 1091 2270 del.
1117 2247 1163 2270 m.
1191 2239 1221 2270 2.
1319 2239 1372 2270 18.
1397 2231 1488 2281 nal}

167 2294 236 2319 om.
263 2283 347 2317 Vat.
444 2286 498 2317 20.
525 2283 657 2328 σχῆμα]
684 2285 752 2317 ΕΖ
776 2282 937 2326 PVat.v‚
963 2284 1052 2316 mut.
1079 2282 1116 2316 in
1142 2287 1259 2327 σχῆμα
1284 2294 1330 2316 m.
1351 2285 1370 2316 2
1396 2281 1480 2316 Vatf·
1518 2326 1520 2342 1

1468 2408 1520 2508 ᾗ]
