1520 2508
169 77 229 118 34
673 79 939 112 AEAOMENA.
1461 104 1487 125 ,ν
1515 57 1520 92 '³

170 173 282 226 πρὸς
318 164 481 224 ἄλληλα
517 172 611 224 ἤτοι
648 173 779 224 λόγον
808 171 890 222 ἕξει
920 171 1170 227 δεδομένον,
1207 172 1234 226 ’ἢ
1264 175 1311 216 τὸ
1341 173 1488 231 ἕτερον

173 246 252 282 τοῦ
284 238 432 295 ἑτέρου
464 239 641 282 δοθέντι.
671 242 814 294 μεῖζόν
845 241 962 283 ἐστιν
992 241 1018 296 ἢ
1049 242 1096 284 ἐν
1126 244 1251 299 λόγῳ.
1357 236 1361 238 ’

260 312 368 351 ἔστω
400 311 498 365 τρία
528 309 688 364 μεγέθη
719 311 771 351 τὰ
801 313 905 365 ΑΒ,
931 313 1148 366 ΓΔ,·ΕΖ,
1182 312 1235 353 ἓν.
1267 310 1313 353 δὲ
1343 313 1489 356 αὐτῶν

170 380 219 420 τὸ
258 381 340 420 ΓΔ
376 377 577 433 ἑκατέρου
614 386 701 420 τῶν
736 382 899 422 λοιπῶν
933 388 1020 422 τῶν
1057 383 1161 434 ΑΒ,
1192 383 1274 422 ΕΖ
1311 381 1486 424 δοθέντι

123 456 147 486 5
171 450 316 502 μεῖζον
341 450 447 490 ἔστω
472 447 498 501 ἢ
524 448 571 490 ἐν
596 450 720 505 λόγῳ.
769 448 892 503 λέγω,
923 449 988 491 ὅτι
1013 450 1060 491 τὸ
1085 452 1170 491 AB
1201 451 1308 504 πρὸς
1331 451 1378 492 τὸ
1402 454 1492 502 ΕΖι

171 518 269 570 ἤτοι
309 519 440 571 λόγον
476 519 560 572 ἔχει
598 517 849 572 δεδομένον,
886 517 917 571 ἢ
959 520 1006 560 τὸ
1043 518 1189 574 ἕτερον
1225 525 1302 560 τοῦ
1339 517 1484 576 ἑτέρου
1517 557 1520 566 .

170 586 349 629 δοθέντι
380 588 522 642 μεῖζόν
553 586 670 628 ἐστιν
700 586 726 641 ἢ
758 587 805 629 ἐν
835 589 959 644 λόγῳ.

255 655 345 699 ἐπεὶ
381 658 463 712 γὰρ
499 658 547 698 τὸ
580 658 659 698 ΓΛ
695 662 772 698 τοῦ
803 660 888 698 AB
926 656 1102 699 δοθέντι
1138 659 1279 711 μεῖζόν
1311 657 1427 700 ἐστιν
1455 657 1485 714 ἦ

166 725 215 767 ἐν
239 728 367 783 λόγῳ,
397 726 640 781 ἀφῃρήσθω
665 726 713 767 τὸ
745 724 880 768 δοθὲν
904 725 1086 780 μέγεθος
1110 727 1157 768 τὸ
1178 729 1276 768 ΓΗ.
1330 730 1483 770 λοιποῦ

96 783 250 850 10“ἄρα
280 801 358 837 τοῦ
384 798 474 837 ΗΔ
503 796 611 850 πρὸς
640 795 688 837 τὸ
713 799 798 837 AB
830 797 957 849 λόγος
987 794 1076 838 ἐστὶ
1101 797 1260 845 δοθείς.
1306 796 1329 839 6
1355 797 1485 847 αὐτὸς

163 865 282 922 αὐτῷ
319 863 528 918 γεγονέτω
566 865 588 907 ὁ
625 871 702 907 τοῦ
734 867 828 907 ΓΗ
857 867 964 921 πρὸς
999 867 1047 907 τὸ
1079 870 1120 907 A
1131 869 1177 907 Θ.
1238 868 1364 920 λόγος
1400 867 1484 922 ἄρα

162 933 236 976 καὶ
266 940 344 976 τοῦ
377 936 471 975 ΓΗ
501 935 608 990 πρὸς
638 935 686 976 τὸ
716 938 805 976 ΛΘ
842 936 1000 985 δοθείς.
1060 933 1194 977 δοθὲν
1225 933 1272 976 δὲ
1302 937 1350 977 τὸ
1383 938 1483 978 ΓΗ.
1495 925 1508 936 .-

162 1001 301 1046 δοθὲν
332 1004 417 1059 ἄρα
445 1002 517 1045 καὶ
547 1004 596 1045 τὸ
626 1007 668 1045 A
678 1007 725 1046 Θ.
785 1003 856 1045 καὶ
887 1004 991 1046 ὅλου
1021 1010 1099 1046 τοῦ
1131 1007 1210 1046 ΓΔ
1241 1006 1349 1060 πρὸς
1379 1005 1485 1066 ὅλον

122 1102 125 1105 «
163 1075 214 1115 τὸ
243 1076 323 1115 ΘΒ
355 1075 482 1126 λόγος
507 1071 595 1115 ἐστὶ
621 1073 780 1122 δοθείς.
827 1073 972 1126 πάλιν,
1003 1073 1092 1116 ἐπεὶ
1117 1075 1164 1116 τὸ
1188 1076 1267 1115 ΓΔ
1297 1080 1373 1116 τοῦ
1399 1073 1493 1116 ΕΖ

94 1150 141 1180 15
165 1141 345 1185 δοθέντι
375 1144 518 1197 μεῖζόν
549 1142 666 1184 ἐστιν
696 1142 722 1196 ἢ
754 1142 800 1184 έν
831 1145 964 1199 λόγῳ,
995 1142 1237 1199 ἀφῃρήσθω
1269 1144 1316 1185 τὸ
1349 1141 1485 1186 δοθὲν

164 1211 349 1267 μέγεθος
379 1213 427 1254 τὸ
455 1214 550 1254 ΓΚ.
598 1215 753 1254 λοιποῦ
783 1218 860 1254 τοῦ
885 1215 970 1254 ΚΔ
1000 1213 1106 1267 πρὸς
1130 1216 1211 1254 ΕΖ
1242 1215 1368 1266 λόγος
1393 1211 1482 1255 ἐστὶ.

163 1282 325 1331 δοθείς.
374 1281 396 1324 ὁ
428 1281 558 1331 αὐτὸς
588 1281 704 1338 αὐτῷ
735 1281 943 1335 γεγονέτω
975 1281 998 1324 ὁ
1029 1288 1106 1323 τοῦ
1138 1284 1225 1323 ΓΚ
1249 1283 1357 1338 πρὸς
1384 1285 1483 1325 ΛΕ.

161 1353 291 1405 λόγος
327 1352 411 1407 ἄρα
446 1349 517 1392 καὶ
553 1356 630 1392 τοῦ
663 1353 750 1392 ΓΚ
781 1351 889 1405 πρὸς
918 1354 1006 1393 ΛΕ
1039 1352 1197 1400 δοθείς.
1261 1349 1395 1393 δοθὲν
1432 1350 1480 1394 δὲ

158 1422 209 1463 τὸ
246 1423 344 1462 ΓΚ.
405 1418 540 1462 δοθὲν
576 1421 659 1475 ἄρα
694 1419 765 1461 καὶ
801 1421 848 1462 τὸ
885 1423 981 1462 ΛΕ.
1040 1419 1110 1462 καὶ
1147 1421 1250 1463 ὅλου
1286 1427 1363 1462 τοῦ
1400 1423 1482 1463 ΓΔ

91 1498 137 1529 20
161 1491 270 1545 πρὸς
311 1490 413 1532 ὅλον
455 1490 503 1531 τὸ
540 1492 624 1531 ΛΖ
668 1491 795 1543 λόγος
837 1488 926 1531 ἐστὶ
970 1490 1127 1539 δοθείς.
1185 1488 1276 1547 Ετοῦ
1316 1488 1363 1532 δὲ
1400 1492 1483 1532 ΓΔ

160 1561 271 1615 πρὸς
304 1562 384 1601 ΘΒ
421 1561 549 1612 λόγος
585 1557 675 1600 ἐστὶ
712 1560 871 1608 δοθείς.
930 1558 1001 1601 καὶ
1032 1565 1109 1601 τοῦ
1143 1562 1223 1601 ΘΒ
1260 1560 1343 1614 ἄρα
1371 1560 1483 1615 πρὸς

160 1632 247 1671 ΛΖ
278 1630 406 1682 λόγος
436 1628 526 1671 ἐστὶ
557 1630 716 1678 δοθείς.
775 1627 847 1670 καὶ
883 1627 1099 1684 ἀφῄρηται
1129 1628 1202 1670 ἀπ’
1236 1629 1380 1671 αὐτῶν
1411 1629 1478 1670 δε-

162 1698 324 1754 δομένα
360 1697 522 1753 μεγέθη
558 1698 610 1739 τὰ
650 1701 747 1752 ΘΑ,
772 1700 868 1740 ΛΕ.
934 1699 997 1746 τὰ,
1018 1700 1122 1752 ΑΒ,
1147 1701 1228 1739 ΕΖ
1265 1699 1348 1753 ἄρα
1384 1699 1478 1752 ἤτοι

160 1769 271 1821 πρὸς
308 1769 470 1822 ἄλληλα
507 1769 638 1821 λόγον
675 1766 756 1817 ἕξει
795 1766 1045 1822 δεδομένον,
1088 1766 1114 1820 ἢ
1144 1768 1191 1808 τὸ
1223 1766 1369 1822 ἕτερον
1399 1772 1478 1809 τοῦ

87 1845 133 1876 25
160 1836 307 1894 ἑτέρου
340 1835 517 1879 δοθέντι
546 1838 688 1900 μεῖζόν
719 1836 836 1879 ἐστιν
865 1835 890 1890 ἢ
922 1836 969 1878 ἐν
999 1838 1123 1893 λόγῳ.

250 2037 280 2067 1.
316 2032 389 2078 ἔχει
414 2033 446 2078 β.
520 2036 551 2067 2.
579 2031 689 2078 ἐστιν]
716 2042 824 2076 supra
844 2042 958 2076 comp.
979 2031 1061 2065 add.
1082 2042 1127 2065 m.
1143 2034 1210 2065 ἓν.
1283 2034 1314 2065 8.
1340 2030 1476 2065 ἐπεί-

126 2081 137 2092 '
156 2083 189 2114 9.
216 2079 258 2114 λό
283 2079 327 2125 ω]
354 2090 423 2113 om.
449 2090 482 2114 a.
578 2082 609 2113 8.
637 2078 747 2124 ἐστιν]
774 2089 842 2113 om.
868 2089 900 2112 v.
1004 2081 1056 2112 10.
1082 2077 1170 2123 ἄρα]
1196 2088 1264 2112 om.
1291 2088 1322 2111 a.
1419 2080 1477 2111 12.

154 2126 251 2161 δοθε
270 2115 297 2166 ς’
313 2125 386 2160 ἐστι
411 2136 444 2161 a.
542 2129 595 2159 15.
621 2124 731 2171 ἐστιν]
758 2135 826 2159 om.
853 2135 885 2159 a.
974 2127 1026 2158 16.
1054 2122 1148 2159 ἐστίν
1173 2135 1205 2158 v.
1301 2126 1355 2157 18.
1380 2123 1498 2203 1113}-

153 2174 221 2208 ΕΛ
247 2183 287 2216 a3
313 2171 403 2206 item
428 2172 491 2206 lin.
514 2175 566 2206 19.
662 2175 716 2206 20.
742 2176 806 2206 τοῦ
831 2168 871 2205 δὲ
900 2172 963 2204 ΓΔ
983 2191 1023 2196 -
1046 2174 1099 2204 22.
1125 2171 1210 2216 ΛΖ]
1234 2174 1297 2205 τοῦ
1326 2171 1385 2205 ΘΛ
1410 2182 1456 2204 κα

150 2224 219 2254 τοῦ
245 2220 315 2299 ΛέΖ
340 2229 371 2252 a.
481 2222 535 2253 21.
562 2215 640 2263 καί]
666 2228 735 2252 om.
761 2229 793 2251 v.
901 2220 954 2251 22.
981 2216 1183 2263 ἀφῄρηται]
1208 2215 1413 2263 ἀφῃρήσθω
1437 2226 1474 2249 v-

197 2269 252 2300 24.
296 2276 352 2310 χει
376 2275 408 2299 a.
747 2279 750 2282 ⁴
