1520 2508
633 91 770 125 DATA.
1318 80 1379 122 43

45 176 54 239 ,f
123 191 227 234 duae
274 188 388 231 enim
436 186 753 244 magnitudines
803 187 909 240 AB,
946 185 1036 226 ΒΓ
1086 182 1140 225 ad
1188 180 1379 237 aliquam

41 249 370 337 *magnitudinem
394 261 437 301 A
461 257 674 301 rationem
697 257 887 299 habeant
912 255 1068 298 datam.
1110 254 1219 310 dico,
1243 251 1377 295 etiam

37 305 65 448 §A
735 331 963 383 utramque
1013 325 1143 368 simul
1184 326 1280 367 ΑΓ
1322 324 1376 366 ad

48 426 53 450 Ι

391 378 419 410 Β
640 376 675 409 Γ

403 422 407 445 ι
657 422 659 437 2
737 399 915 441 eandem
956 401 1000 440 A
1045 396 1260 439 rationem
1299 396 1378 438 ha-

35 450 43 500 ⁵⁴
736 470 837 512 bere
869 469 1026 511 datam.
1406 499 1408 501 .

26 501 85 740 ζιι
271 518 282 543 ¹
824 555 925 582 nam
957 539 1161 595 quoniam
1194 542 1379 595 utraque

36 622 37 627 ’
81 617 284 675 agnitudo
328 619 369 657 A
377 617 433 670 B,
468 615 557 656 ΒΓ
599 613 652 654 ad
690 615 735 654 A
782 611 995 653 rationem
1042 610 1173 652 habet
1220 610 1382 665 datam,

32 677 161 732 otiam
191 687 302 729 ratio
328 688 413 728 AB
434 701 442 727 :
463 686 552 726 ΒΓ
577 684 675 725 data
709 682 792 725 erit
825 684 961 738 [prop.
987 681 1128 735 VIII}
1178 685 1222 724 et
1261 696 1377 724 oom-

29 759 225 817 ponendo
262 757 373 799 ratio
406 757 519 798 AF:
539 756 628 797 ΒΓ
659 754 763 796 data
794 756 861 796 est
898 752 1035 809 [prop.
1061 750 1157 810 V1].
1223 767 1377 795 uerum

27 830 140 873 ratio
165 831 276 871 BF:
296 831 338 870 A
369 827 468 869 data
498 828 730 881 astorgo
757 825 888 885 etiam
919 824 1030 866 ratio
1062 825 1179 866 ΑΓ·
1198 827 1243 866 A
1273 823 1375 866 data
1401 834 1406 839 ·

13 887 98 966 'Jest
127 902 262 957 [prop.
288 898 426 952 VIII].

623 1002 782 1045 XXIII.

17 1138 19 1143 y
119 1088 166 1132 Si
189 1071 332 1131 totum
357 1087 410 1129 ad
434 1089 578 1129 totum
607 1084 821 1128 rationem
845 1084 977 1126 habet
1002 1084 1148 1126 datam
1173 1088 1217 1127 et
1241 1084 1397 1127 etiam·

0 1202 17 1221 ³
15 1163 172 1217 partes
199 1159 253 1201 ad
269 1161 412 1215 partes
431 1157 621 1199 rationes
638 1156 799 1197 habent
819 1137 954 1210 datas,
979 1155 1053 1197 sed
1077 1170 1166 1198 non
1190 1156 1378 1213 easdem,

0 1224 161 1274 &etiam
197 1243 344 1272 omnes
381 1227 698 1284 magnitudines
740 1226 794 1268 ad
831 1240 978 1269 omnes
1015 1226 1205 1269 rationes
1243 1227 1374 1270 habe-

11 1316 13 1341 ε
30 1302 139 1344 bunt
169 1301 301 1343 datas.

31 1443 192 1498 datam,
233 1443 275 1484 et
310 1440 498 1483 habeant
534 1439 665 1482 etiam
700 1442 845 1494 partes
876 1442 982 1495 AE,
1007 1442 1091 1482 ΕΒ
1135 1441 1190 1483 ad
1225 1444 1374 1497 partes

0 1517 5 1549 ,1
31 1515 125 1569 ΓΖ,
150 1515 230 1554 ZA
259 1512 446 1554 rationes
478 1511 613 1566 datas,
644 1510 717 1552 sed
746 1524 835 1552 non
860 1511 1040 1553 easdem.
1097 1511 1205 1568 dico,
1237 1513 1372 1556 etiam

0 1641 1 1646 Ἰ
32 1598 177 1626 omnes
209 1582 523 1638 magnitudines
561 1578 615 1624 ad
646 1596 796 1624 omnes
824 1581 1014 1624 rationes
1045 1582 1204 1626 habere
1236 1584 1374 1627 datas.

891 1667 992 1694 nam
1023 1654 1229 1708 quoniam
1258 1656 1373 1698 ratio

29 1703 60 1770 ‘1⁴
347 1700 427 1769 113—
442 1700 765 1768 ———13
816 1727 933 1765 AE:
954 1725 1036 1766 ΓΖ
1066 1724 1166 1767 data
1191 1730 1277 1782 est,
1307 1742 1376 1769 ea-

35 1807 70 1875 ΙΙἿ
250 1791 281 1839 ΔΖ
494 1805 622 1873 Ill—A
816 1795 912 1836 dem
929 1798 1057 1850 atque
1074 1796 1148 1838 illa
1164 1797 1242 1839 fiat
1258 1797 1372 1840 ratio
1431 1807 1436 1813 ’

815 1869 858 1907 A
865 1868 902 1907 Β
917 1881 926 1907 :
942 1868 1042 1908 ΓΗ.
1074 1866 1221 1923 itaque
1237 1868 1373 1911 etiam

31 1934 143 1978 ratio
163 1937 271 1977 AB:
286 1937 380 1978 ΓΗ
392 1936 492 1978 data
511 1939 576 1977 est
597 1935 697 1991 [def.
711 1935 769 1991 2].
804 1935 886 1978 erit
905 1936 1037 1979 etiam
1055 1937 1167 1980 ratio
1180 1938 1372 1994 reliquae

32 2005 336 2062 magnitudinis
355 2009 436 2048 ΕΒ
463 2006 516 2049 ad
540 2006 750 2063 reliquam
774 2009 870 2049 ZH
890 2007 993 2050 data
1019 2007 1091 2064 [V‚
1113 2009 1185 2064 193
1211 2010 1290 2052 def.
1312 2010 1372 2066 2].
1423 2059 1426 2062 ⁴

30 2091 181 2119 uerum
193 2076 303 2118 ratio
317 2079 397 2119 ΕΒ
408 2093 417 2119 :
430 2080 510 2119 ZA
529 2077 629 2119 data
642 2080 720 2120 est.
746 2092 877 2133 quare
891 2078 1022 2121 etiam
1035 2079 1147 2122 ratio
1163 2083 1263 2123 ZA:
1277 2083 1374 2123 ZH

31 2230 87 2262 21.
118 2227 182 2262 καὶ
209 2226 307 2262 ἔσται
331 2229 386 2262 λοι
374 2233 458 2274 ιπῆς
480 2234 553 2275 τῆς
570 2240 602 2266 a.
718 2233 773 2264 23.
810 2232 872 2265 ZA
889 2230 998 2277 (alt.)]
1025 2234 1095 2267 AZ
1127 2243 1160 2268 a.
1277 2233 1367 2280 ἄρα]

30 2285 141 2358 ἓξὲξ,
154 2285 277 2357 pomp.
298 2274 382 2310 add.
402 2287 448 2311 m.
470 2280 488 2312 1
514 2288 549 2313 v.
631 2280 686 2312 24.
712 2277 753 2312 τὸ
783 2279 860 2312 ΖΗ
881 2277 1007 2339 Yat'a'
1090 2283 1145 2315 25.
1173 2278 1248 2316 ἐστι’
1268 2283 1335 2326 (pr
1338 2282 1367 2328 )]

116 1371 274 1413 habeat
310 1369 424 1412 enim
459 1372 602 1411 totum
639 1370 725 1410 AB
766 1368 819 1410 ad
855 1371 998 1410 totum
1036 1370 1118 1411 ΓΛ
1157 1370 1373 1414 rationem
1428 1394 1432 1398 ·
