1520 2508
609 88 828 123 SCHOLIA.
1307 88 1393 131 283

547 218 617 261 Ad
647 234 769 275 prop.
800 219 885 261 XL.

129 305 197 346 91.
235 301 427 345 Λέδοται
453 303 539 359 ἄρα
564 303 613 344 τὸ
638 306 683 344 A
692 305 778 344 ZE
799 305 1020 359 τρίγωνον
1043 318 1083 358 p.
1107 305 1175 359 70,
1194 304 1270 360 21]
1304 303 1395 347 ἐπεὶ

24 353 123 426 ,οὖν
154 372 329 417 δέδοται
361 372 542 430 ἑκατέρα
567 380 657 415 τῶν
681 377 784 428 ΔΕ,
804 377 902 429 ΕΖ,
935 372 1110 417 δέδοται
1137 373 1210 417 καὶ
1236 375 1258 418 6
1284 376 1396 432 πρὸς

22 427 232 500 )ἆλλήλας
272 445 420 487 αὐτῶν
457 446 588 498 λόγος
625 445 699 486 διὰ
730 445 779 487 τὸ
812 443 869 487 α’.
939 445 1101 501 ὁμοίως
1136 444 1210 488 καὶ
1248 446 1270 490 6
1305 454 1395 489 τῶν

41 519 144 572 ΕΖ,
171 520 252 558 ΖΔ
290 514 465 558 δέδοται
503 517 652 569 λόγος·
696 514 769 558 καὶ
802 518 865 558 ἔτι
897 516 920 558 6
952 523 1042 558 τῶν
1076 520 1176 572 ΖΔ,
1201 520 1295 559 ΔΕ
1326 516 1394 559 δέ-

18 588 165 638 ἶδοται
198 589 339 641 λόγος.
390 589 482 629 ἔστι
514 584 563 628 δὲ
593 585 667 628 καὶ
700 585 857 642 ἑκάστη
883 595 974 630 τῶν
998 591 1055 642 Δ,
1076 591 1128 642 E,
1157 591 1192 630 Ζ
1218 596 1395 642 γωνιῶν

16 640 254 715 Ῐζδεδομένη
287 664 346 716 τῷ
378 657 568 713 μεγέθει.
619 657 796 700 δέδοται
822 659 908 715 ἄρα
933 659 982 701 τὸ
1007 662 1143 700 ΔΕΖ
1177 661 1396 715 τρίγωνον

14 719 100 787 ,ἶττῷ
132 731 253 784 εἴδει,
285 729 345 779 ὡς
376 729 424 772 ἐν
455 736 548 779 τοῖς
578 729 710 785 ὅροις.

32 802 43 810 ⁹
130 813 198 854 92.
235 811 428 855 Λέδοται
459 813 545 869 ἄρα
575 810 649 853 καὶ
680 812 729 854 τὸ
763 814 903 854 ΑΒΓ
932 828 972 867 p.
1001 813 1076 868 70,
1101 812 1178 868 23]
1218 812 1310 856 ἐπεὶ
1342 814 1395 855 τὰ

10 902 12 942 5
40 885 191 938 ΑΒΓ,
223 886 358 925 ΔΕΖ
401 884 596 939 τρίγωνα
634 881 855 937 ἀνάλογον
896 885 1052 938 ἔχοντα
1089 884 1167 934 τὰς
1203 885 1396 941 πλευρὰς

7 952 11 1018 3³
40 954 234 1010 ἐδείχθη,
265 961 354 996 τῶν
386 951 435 996 δὲ
465 959 545 996 τοῦ
572 955 712 995 ΑΒΓ
737 954 959 1009 τριγώνου
984 958 1190 1011 πλευρῶν
1216 955 1239 998 6
1266 957 1397 1010 λόγος

41 1025 65 1068 6
95 1026 206 1082 πρὸς
237 1024 427 1079 ἀλλήλας
453 1023 642 1080 δέδοται,
675 1024 881 1067 δέδονται
907 1023 956 1067 δὲ
981 1025 1120 1068 αὐτοῦ
1147 1027 1197 1069 αἱ
1218 1029 1395 1080 γωνίαι·

0 1121 6 1150 ¹5
41 1100 134 1139 ἴσαι
165 1096 249 1152 γάρ
283 1097 367 1138 εἰσι
398 1104 494 1146 ταῖς
524 1102 604 1137 τοῦ
635 1099 771 1138 ΔΕΖ
809 1097 1050 1152 τριγώνου·
1096 1096 1272 1140 δέδοται
1311 1099 1396 1155 ἄρα

3 1166 5 1173 '
40 1174 100 1225 ’τῷ
133 1168 253 1222 εἴδει,
286 1167 345 1217 ὡς
376 1166 424 1209 ἐν
454 1174 546 1217 τοῖς
578 1167 710 1223 ὅροις.

513 1308 583 1351 Ad
613 1324 734 1365 prop.
766 1308 920 1352 XLIII.

131 1394 201 1436 93.
245 1392 371 1435 Θέσει
397 1393 482 1448 ἄρα
509 1390 601 1434 ἐστὶ
626 1393 674 1434 τὸ
700 1394 846 1434 ΔΗΕ
874 1391 1136 1448 ἡμικύκλιον
1166 1409 1206 1448 p.
1229 1395 1299 1448 76,
1318 1394 1395 1449 23]

11 1463 133 1525 jgssml
163 1465 247 1520 γὰρ
279 1471 417 1506 κεῖται
449 1462 475 1517 ἡ
503 1466 597 1504 ΔΕ
625 1468 677 1518 τῇ
708 1461 833 1505 θέσει
865 1462 939 1505 καὶ
969 1470 1030 1522 τῷ
1062 1463 1240 1519 μεγέθει
1272 1464 1396 1506 δεδο-

9 1527 163 1594 ζξμένη,
195 1536 346 1590 δῆλον,
378 1534 459 1588 ὅτι,
492 1533 569 1575 ἐὰν
601 1537 749 1589 τμηθῇ
781 1534 883 1588 δίχα
915 1533 938 1576 6
969 1534 1144 1590 κύκλος,
1176 1537 1268 1578 ἔστι,
1299 1534 1396 1578 κέν-

38 1621 148 1661 τρον
172 1612 251 1648 τοῦ
277 1606 443 1648 κύκλου
469 1604 495 1659 ἡ
521 1603 710 1660 ἡμίσεια,
735 1603 964 1647 τουτέστιν
989 1605 1015 1660 ἡ
1043 1605 1089 1648 ἐκ
1108 1612 1188 1648 τοῦ
1207 1605 1395 1663 κέντρου

21 1757 24 1758 ⁷
137 1738 192 1770 91.
219 1732 816 1778 PlVass.vbMon.Ambr.zo⁴920.
905 1737 960 1769 92.
989 1746 1017 1769 z,
1103 1738 1158 1769 93.
1185 1734 1395 1770 P1Vat.vb

10 1823 11 1826 Ἴ
43 1783 101 1827 (m.
117 1784 202 1827 ree.)
216 1780 517 1825 Mon.Ambr.zp.

137 1903 168 1935 3.
195 1897 264 1935 οὖν
286 1920 329 1926 —-
348 1900 437 1945 τῶν]
463 1898 534 1944 γὰρ
555 1896 756 1943 δεδομέναι
776 1898 868 1934 εἰσὶν
888 1898 929 1933 αἱ
954 1899 1079 1934 Ambr.
1165 1901 1256 1946 τῶν]
1276 1900 1345 1945 τήν
1370 1900 1394 1936 l.

91 1951 122 1983 4.
145 1945 300 1993 ὁμοίως]
320 1946 381 1992 Pl,
403 1944 538 1991 ὁμοίως
556 1944 598 1981 δέ
618 1947 704 1980 cett.
779 1949 811 1981 5.
832 1945 940 1991 λόγος
959 1944 1112 1982 δέδοται
1130 1947 1256 1983 Ambr.
1332 1946 1397 1983 καί

0 1995 18 2033 ζ’
42 2015 88 2020 -
108 1998 139 2030 6.
165 1993 288 2041 λόγος]
315 2005 385 2029 om.
413 2006 442 2029 z.
530 1997 561 2028 6.
587 1993 677 2040 τῶν]
702 1999 776 2028 τῶν
801 1992 895 2038 πρός
919 1994 1045 2030 Ambr.
1137 1999 1168 2029 7.
1195 1992 1395 2042 δεδομένη]

3 2052 14 2089 3
43 2056 88 2089 -ῳ
112 2041 148 2077 b.
249 2045 303 2077 11.
331 2041 461 2088 ΑΒΓ]
483 2052 553 2076 om.
575 2052 593 2075 z
619 2040 689 2076 lac.
710 2040 854 2076 relicfia.
951 2044 1005 2077 18.
1033 2040 1188 2086 κέντρου
1211 2041 1312 2077 ἔσται
1329 2048 1396 2078 τοῦ

0 2096 12 2130 ζ.
42 2089 178 2124 κύκλου
201 2088 326 2124 Ambr.
443 2086 598 2133 κέντρον
625 2109 669 2113 -
698 2091 752 2123 19.
778 2086 944 2135 ἡμίσεια]
970 2089 1036 2124 καὶ
1059 2094 1125 2124 τοῦ
1151 2089 1289 2125 κύκλου
1313 2088 1396 2135 ἡμί-

44 2146 124 2171 σεια
149 2136 185 2172 b.
259 2134 431 2182 κέντρον]
456 2135 479 2181 ἡ
507 2135 548 2171 ἐκ
572 2141 637 2171 τοῦ
664 2133 821 2180 κέντρου
847 2148 876 2171 Ζ.
977 2139 1032 2171 19.
1060 2136 1081 2182 ἡ
1107 2135 1267 2182 ἡμίσεια,
1293 2149 1396 2173 τουτ-

4 2196 14 2214 v‘
44 2181 157 2230 ἐστιν]
182 2183 223 2219 τὸ
250 2189 419 2229 σημεῖον,
451 2181 545 2219 καθ’
575 2181 595 2218 ὃ
626 2182 797 2228 τέμνεται
828 2181 916 2229 δίχα
946 2183 969 2229 ἡ
996 2186 1081 2219 ΔΕ.
1130 2184 1154 2230 ἡ
1181 2182 1221 2220 δὲ
1247 2183 1397 2231 ἡμίσεια

12 2230 14 2233 ’
45 2229 144 2266 ἔσται
173 2230 213 2266 ἐκ
237 2236 304 2266 τοῦ
330 2228 485 2275 κέντρου
510 2236 575 2265 τοῦ
602 2231 749 2266 κύκλου.
801 2231 866 2266 καὶ
891 2229 1043 2266 δέδοται
1067 2231 1193 2268 Ambr.
1291 2245 1397 2268 τουτ-

2 2276 14 2312 ’.
43 2275 141 2313 ἐστιν
167 2299 211 2304 -
237 2276 415 2324 κέντρου]
446 2283 512 2323 τῆς
542 2277 762 2324 δεδομένης·
804 2278 869 2313 καὶ
907 2277 977 2323 γὰρ
1010 2280 1125 2314 αὐτοῦ
1157 2280 1198 2315 τὸ
1231 2286 1396 2326 σημεῖον,

0 2349 7 2365 .-
43 2323 136 2360 καθ’
160 2323 179 2361 ὃ
205 2325 227 2371 ἡ
255 2323 465 2372 διχοτομία·
492 2323 556 2361 καί
581 2337 610 2360 Ζ.

1423 891 1467 922 10

1422 1317 1466 1349 15
