1520 2508
4 169 7 200 *
630 123 768 157 DATA.
1314 118 1375 161 39

2 221 21 327 ξ
657 265 748 307 XX.

0 373 4 390 ¹
125 364 169 408 Si
199 364 304 406 duae
335 361 650 419 magnitudines
683 361 807 402 datae
840 362 939 402 sunt
970 362 1013 401 et
1038 358 1288 401 auferantur
1313 358 1369 400 ab

0 412 3 479 tf
34 437 89 479 iis
125 423 438 491 magnitudines
473 433 586 474 inter
622 446 666 474 se
703 431 917 473 rationem
958 430 1168 472 habentes
1211 430 1374 486 datam,

34 507 220 562 reliquae
255 505 368 547 inter
406 518 450 546 se
489 506 563 546 aut
598 503 811 546 rationem
840 502 1062 544 habebunt
1093 501 1256 556 datam,
1293 504 1370 544 aut

0 588 2 597 ¹
31 578 186 632 altera,
228 578 474 631 comparata
509 589 607 617 cum
643 574 799 629 altera,
841 573 942 615 data
972 572 1111 614 maior
1142 575 1208 614 est
1240 586 1371 627 quam

34 649 82 690 in
110 648 285 690 ratione.

122 719 209 760 sint
239 718 344 760 duae
374 716 690 774 magnitudines
722 716 846 758 datae
872 717 970 770 AB,
997 716 1089 771 ΓΛ,
1120 718 1163 757 et
1189 715 1243 757 ab
1269 718 1371 770 AB,

34 791 114 832 ΓΔ
144 789 391 831 auferantur
419 787 736 844 magnitudines
768 790 811 829 A
818 790 874 842 E,
900 788 981 829 ΓΖ
1012 786 1226 829 rationem
1254 786 1372 828 inter

749 872 793 900 se
817 857 1024 899 habentes
1052 857 1208 900 datam.
1260 857 1371 913 dieo,

31 894 289 964 A———jlz
436 894 692 961 ῌ-ῂΒ
747 928 1065 986 magnitudines
1126 921 1235 984 ΕΒ,
1285 931 1376 970 ΖΔ

318 1013 345 1045 Ζ
748 999 862 1042 inter
888 1014 932 1041 se
964 1002 1039 1041 aut
1062 999 1276 1042 rationem
1299 998 1376 1041 ha-

323 1049 502 1081 ¹——A
750 1070 849 1112 bere
881 1070 1038 1126 datam,
1071 1074 1147 1113 aut
1178 1070 1374 1127 alteram,

32 1146 323 1199 comparatam
371 1156 468 1184 oum
511 1141 662 1196 altera,
712 1141 812 1183 data
855 1141 1062 1184 maiorem
1104 1156 1197 1184 esse
1241 1156 1371 1196 quam

33 1214 80 1256 in
109 1213 285 1256 ratione.

119 1299 219 1326 nam
244 1284 446 1339 quoniam
464 1284 564 1325 data
582 1286 649 1325 est
673 1286 853 1337 utraque
878 1283 1130 1340 magnitudo
1153 1287 1195 1326 A
1202 1286 1252 1339 B,
1273 1285 1372 1339 ΓΔ,

30 1355 114 1398 erit
143 1355 254 1397 ratio
286 1357 370 1396 AB
391 1371 400 1396 τ
421 1356 500 1396 ΓΔ
530 1354 630 1396 data
662 1354 798 1410 [prop.
824 1354 875 1408 Ι].

119 1429 163 1468 et
206 1426 242 1468 si
285 1426 430 1468 eadem
473 1428 539 1467 est
581 1440 630 1467 ac
666 1425 777 1467 ratio
813 1428 935 1466 AE:
963 1427 1061 1480 ΓΖ,
1110 1425 1193 1468 erit
1236 1427 1370 1470 etiam

36 1050 71 1083 Γ

30 1496 143 1538 ratio
185 1496 371 1551 reliquae
413 1498 502 1538 ΕΒ
552 1496 605 1537 ad
645 1495 854 1550 reliquam
900 1498 986 1538 ZA
1029 1496 1129 1538 data
1178 1496 1255 1553 [V,
1295 1498 1369 1555 193
1444 1505 1447 1510 '

30 1566 114 1609 def.
140 1567 199 1621 2].
552 1599 554 1601 -
1030 1616 1032 1618 ,

119 1639 205 1681 iam
240 1653 293 1680 ne
330 1638 388 1680 sit
423 1638 587 1693 eadem,
623 1640 666 1679 et
701 1637 778 1679 fiat
814 1639 1252 1681 EA:FZ=AH:
1275 1641 1371 1682 ΓΔ.
1456 1692 1459 1694 v

30 1724 180 1752 uerum
215 1709 325 1751 ratio
356 1712 447 1751 AE
463 1725 472 1751 z
494 1710 574 1751 ΓΖ
611 1708 710 1750 data
747 1711 824 1750 est.
895 1708 1041 1764 itaque
1078 1709 1211 1752 etiam
1247 1711 1362 1753 ratio

33 1782 136 1822 AH
149 1796 157 1821 :
179 1782 257 1822 ΓΔ
292 1780 391 1822 data
427 1779 524 1833 [def.
551 1778 610 1834 2].
676 1779 750 1821 sed
786 1779 886 1821 data
918 1782 984 1821 est
1016 1781 1105 1822 ΓΔ.
1168 1781 1269 1823 data
1299 1785 1367 1823 est

29 1850 165 1906 igitur
195 1850 324 1892 etiam
354 1852 455 1892 AH
480 1852 615 1906 [prop.
640 1849 714 1903 Π].
768 1865 919 1892 uerum
950 1850 1082 1893 etiam
1112 1851 1368 1907 magnitudo

32 1924 75 1968 Α
82 1923 118 1963 Β
162 1921 259 1963 data
301 1923 377 1963 est.
454 1920 600 1975 itaque
643 1921 773 1963 etiam
815 1921 980 1976 reliqua
1022 1924 1113 1964 ΗΒ
1158 1922 1258 1964 data
1300 1926 1369 1966 est

32 1993 172 2046 [prop.
195 1990 391 2046 1V].et
423 1991 626 2046 quoniam
656 1994 746 2033 ΑΕ
763 2007 771 2033 :
793 1993 873 2033 ΓΖ
893 2011 948 2027 =
969 1995 1071 2034 AH
1084 2008 1092 2034 :
1114 1994 1206 2049 ΓΔ,
1237 1994 1372 2037 etiam

30 2061 143 2103 ratio
174 2061 359 2117 reliquae
389 2065 482 2104 HE
516 2062 569 2103 ad
599 2062 809 2117 reliquam
838 2066 882 2104 Δ
892 2065 927 2104 Ζ
964 2050 1065 2105 data
1096 2067 1162 2106 est
1194 2064 1265 2121 [V‚
1293 2066 1366 2121 193

27 2131 109 2174 def.
137 2129 193 2189 2].
240 2147 388 2175 uerum
418 2133 518 2175 data
548 2135 613 2175 est
638 2133 890 2189 magnitudo
916 2136 1017 2176 ΗΒ.
1068 2149 1170 2191 ergo
1196 2136 1362 2192 magni-

28 2202 133 2245 tudo
164 2205 540 2259 EB‚'eomparata
571 2219 668 2246 eum
701 2207 798 2259 ZA,
836 2204 936 2247 data
967 2205 1104 2248 maior
1134 2209 1200 2249 est
1232 2221 1362 2262 quam

29 2272 77 2315 in
107 2273 272 2316 ratione
306 2273 402 2327 [def.
431 2274 517 2330 11].
