1520 2508
633 113 772 147 DATA.
1169 87 1172 90 ¹
1317 108 1376 150 33

13 227 142 270 ergo
167 210 414 290 magnitudo
439 211 532 264 ZB,
562 211 811 264 comparata
842 222 938 250 eum
969 210 1074 262 EA,
1106 206 1206 285 data
1237 204 1376 247 maior
1410 203 1413 207 ⁴

8 283 15 323 Ρ
35 288 107 327 est
137 295 267 340 quam
291 281 350 324 111
366 280 531 333 ratione
564 279 664 335 [def.
693 278 779 334 11]

636 385 776 446 XVII.

125 459 174 502 Si
221 462 309 502 tres
352 456 668 515 magnitudines
712 456 959 512 propositae
1004 459 1104 498 sunt
1147 459 1190 498 et
1226 455 1378 511 prima,

10 569 11 582 2
40 533 288 586 comparata
330 544 428 572 eum
470 528 671 583 secunda,
720 527 819 569 data
866 527 1004 570 maior
1047 530 1113 569 est
1162 541 1291 582 quam
1332 526 1382 568 in

39 600 218 657 ratione,
249 603 291 643 et
322 601 453 642 etiam
482 598 623 655 tertia,
655 601 903 655 comparata
929 612 1026 641 eum
1051 598 1209 652 eadem,
1241 597 1382 639 maior
1415 628 1418 632 .

8 712 9 715 ,
36 675 108 715 est
138 686 266 727 quam
295 671 341 712 in
371 670 555 726 ratione,
591 672 666 711 aut
702 669 840 724 prima
877 669 931 711 ad
961 668 1135 710 tertiam
1165 667 1381 710 rationem

38 742 218 785 habebit
242 742 399 797 datam,
429 743 503 783 aut
530 740 676 796 altera,
707 742 955 795 comparata
980 753 1078 782 cum
1103 739 1251 794 altera,
1282 739 1383 780 data

40 813 180 856 maior
210 813 291 855 erit
323 828 450 869 quam
480 812 525 854 in
555 811 732 854 ratione.

133 884 219 926 sint
261 885 347 925 tres
391 881 708 939 magnitudines
750 883 856 936 AB,
888 879 941 936 F,
966 883 1072 934 AE,
1116 883 1159 922 et
1201 883 1384 935 utraque

13 954 295 1020 ·magnitudo
333 955 432 1009 ΑΒ,
462 956 568 1008 ΔΕ,
608 955 855 1007 comparata
893 966 991 994 cum
1023 953 1070 1007 Γ,
1112 952 1212 1007 data
1248 951 1388 993 maior

0 1037 4 1049 ¹
40 1026 103 1069 sit
134 1040 262 1081 quam
285 1024 332 1066 in
355 1024 533 1068 ratione.
582 1023 689 1078 dico,
720 1026 795 1065 aut
826 1022 1145 1079 magnitudines
1171 1025 1271 1078 ΑΒ,
1295 1026 1339 1064 A
1346 1025 1389 1064 E

0 1085 3 1132 'f
42 1097 159 1138 inter
197 1110 240 1138 se
277 1095 490 1137 rationem
525 1094 683 1136 habere
721 1094 884 1149 datam,
924 1096 999 1135 aut
1030 1093 1229 1149 alteram,
1249 1135 1251 1137 ,
1273 1087 1387 1139 (30111-

0 1173 2 1180 “
44 1169 244 1222 paratam
263 1180 360 1208 eum
380 1165 525 1220 altera,
545 1165 644 1206 data
663 1164 868 1206 maiorem
889 1179 980 1206 esse
1001 1179 1129 1219 quam
1147 1164 1194 1206 in
1206 1165 1387 1207 ratione.

0 1226 1 1240 Ξ
137 1251 238 1278 nam
269 1236 471 1291 quoniam
502 1236 891 1292 magnitudo'AE,
927 1238 1176 1291 comparata
1210 1250 1307 1278 eum
1340 1236 1389 1290 Γ,

43 1308 150 1350 data
181 1306 317 1349 maior
342 1310 407 1349 est
432 1321 561 1362 quam
584 1306 631 1348 in
654 1306 832 1361 ratione,
863 1295 1083 1348 auferatur
1102 1306 1202 1348 data
1226 1305 1391 1362 magni—

295 1407 322 1439 Z
563 1407 591 1438 B
647 1377 750 1418 tudo
770 1379 876 1419 AH.
913 1377 1059 1432 itaque
1085 1376 1273 1432 reliquae
1293 1379 1391 1419 HE

5 325 13 536 νήκ-

45 1445 98 1476 A=
306 1461 379 1506 -ᾗ
576 1451 579 1474 ¹
648 1448 701 1489 ad
733 1449 775 1489 Γ
805 1447 917 1490 ratio
955 1448 1056 1490 data
1092 1451 1170 1490 est.
1240 1449 1389 1490 eadem

55 1526 102 1559 Γι
417 1535 421 1557 ι
584 1536 589 1542 ·
648 1518 697 1560 de
736 1533 863 1576 eausa
899 1518 1030 1561 etiam
1069 1518 1181 1561 ratio
1219 1521 1301 1561 ZB
1323 1535 1331 1560 :
1354 1520 1398 1561 Γ

48 1647 103 1678 ΔΙ
256 1609 296 1677 {i
502 1607 534 1640 Ε
648 1590 746 1631 data
777 1592 854 1632 est.
864 1588 897 1647 1>
953 1604 1083 1645 quare
1115 1590 1247 1646 etiam
1277 1590 1390 1632 ratio

519 1654 522 1677 ¹
651 1663 731 1702 ZB
746 1676 754 1702 :
770 1663 864 1703 HE
887 1661 986 1703 data
1005 1664 1071 1703 est
1096 1661 1234 1717 [prop.
1248 1659 1392 1716 VIII}

29 1736 99 1780 ,et
131 1732 384 1776 adjiciantur
412 1732 466 1774 iis
498 1732 621 1774 datae
652 1731 969 1788 magnitudines
1001 1735 1043 1774 A
1052 1735 1106 1788 Z,
1129 1726 1237 1774 ΔΗ.
1286 1740 1391 1788 ergo

53 1807 131 1846 aut
154 1807 271 1846 totae
290 1807 332 1846 A
339 1806 389 1859 Β,
406 1806 449 1845 Λ
456 1806 498 1845 Ε
518 1803 630 1845 inter
657 1817 701 1844 se
726 1803 938 1845 rationem
956 1803 1118 1845 habent
1138 1804 1294 1859 datam,
1317 1806 1393 1845 aut

51 1874 203 1931 altera,
233 1877 478 1930 comparata
509 1889 606 1916 eum
637 1874 783 1930 altera,
814 1874 914 1916 data
939 1860 1076 1916 ’1113101
1101 1877 1167 1916 est
1193 1874 1323 1929 quam
1347 1874 1395 1915 in

54 1945 222 1987 ratione
248 1945 385 2001 [prop.
405 1945 539 2005 X1V].

646 2003 805 2046 XVIII.

151 2073 197 2116 Si
221 2077 307 2116 tres
331 2075 648 2132 magnitudines
673 2074 919 2130 propositae
946 2077 1046 2117 sunt
1071 2077 1114 2116 et
1133 2090 1218 2117 una
1237 2090 1396 2131 earum,

53 2147 310 2216 comparata
339 2160 435 2188 eum
464 2148 645 2201 utraque
676 2145 853 2201 reliqua,
883 2145 984 2188 data
1014 2145 1152 2188 maior
1177 2149 1243 2189 est
1268 2160 1398 2202 quam
1424 2148 1433 2156 ‘

140 2251 173 2296 1)
193 2248 294 2284 Haec
309 2249 574 2285 demonstratio
587 2261 662 2285 non
674 2249 771 2284 nihil
783 2249 899 2285 habet
912 2249 1141 2285 offensionis·
1134 2250 1282 2296 ‚priore
1297 2250 1399 2286 enim

55 2295 144 2331 1000
167 2293 496 2332 demonstrandum
515 2299 606 2343 erat,
631 2297 816 2332 rationem
837 2300 923 2334 ZB:
941 2300 975 2332 Γ
995 2297 1124 2333 datam
1143 2308 1234 2343 esse,
1261 2298 1397 2333 deinde

55 2342 187 2379 uerbis
213 2343 277 2379 διὰ
295 2343 342 2379 τὰ
359 2343 454 2380 αὐτοὶ
478 2327 758 2389 absohiendum,
783 2344 966 2380 rationem
987 2347 1084 2380 HE:
1102 2343 1136 2380 Γ
1156 2345 1285 2381 datam
1305 2356 1399 2380 esse.

134 2409 211 2436 Eue
219 2409 331 2442 lidos,
354 2410 482 2436 maun
484 2410 549 2437 ierb
518 2418 603 2444 erge
588 2411 749 2444 eee.tMng
782 2411 832 2436 VI
1164 2407 1184 2438 3
