1520 2508
188 102 271 143 174
712 109 977 144 ΔΕΔΟΜΕΝΑ.

802 261 860 300 πη
881 279 890 289 .

268 322 367 364 'Edu
386 326 447 373 εἰς
465 326 626 367 κύκλον
647 326 881 380 δεδομένον
898 334 958 384 τῷ
978 328 1151 383 μεγέθει
1168 330 1318 372 εὐθεῖα
1330 346 1473 386 γραμμ
1518 309 1520 394 Ξ

185 391 299 446 ἀχθῇ
333 393 541 447 δεδομένη
572 401 631 450 τῷ
664 395 851 450 μεγέθει,
882 396 1146 451 ἀπολήψεται
1171 404 1312 453 τμῆμα
1337 400 1520 456 δεχόμε-Ῑ

183 476 263 502 νον
295 464 459 514 γωνιάν
490 463 711 505 δοθεῖσαν.
1502 443 1520 517 {i

135 541 154 570 5
269 524 330 579 εἰς
365 532 447 586 γὰρ
484 532 645 573 κύκλον
682 532 917 587 δεδομένον
952 540 1011 590 τῷ
1049 535 1223 588 μεγέθει
1259 538 1336 578 τὸν
1372 522 1520 592 ABI⁴45

179 599 330 641 εὐθεῖα
356 602 526 656 γραμμὴ
546 602 668 655 ἤχθω
696 601 721 654 ἡ
742 605 784 643 Α
792 604 834 644 Γ
852 603 1059 657 δεδομένη
1079 611 1138 660 τῷ
1156 605 1346 659 μεγέθει·
1377 588 1520 665 λε’γω,ξ«Ξ

180 669 245 709 ὄτι
277 667 540 723 ἀπολήψεται
571 677 713 725 τμῆμα
745 672 977 726 δεχόμενον
1008 675 1173 726 γωνίαν
1204 675 1425 716 δοθεῖσαν.
1516 659 1520 706 Ξ

261 739 464 792 εἰλήφθω
507 739 589 794 γὰρ
628 741 676 781 τὸ
713 739 893 796 κέντρον
929 748 1006 783 τοῦ
1042 744 1205 784 κύκλου
1241 745 1288 785 τὸ
1324 748 1385 798 Δ,
1426 711 1520 786 καὶ,ἔ

178 806 474 860 ἐπιζευχθεῖσα
504 807 530 861 ἡ
561 812 647 850 ΑΔ
680 810 848 864 διήχθω
881 809 949 852 ἐπὶ
980 812 1028 853 τὸ
1060 814 1118 866 Ε,
1154 811 1225 853 καὶ
1257 769 1520 885 ἐπεζεύχθωΞ

106 883 149 915 10
174 875 200 929 ἡ
240 878 331 917 ΓΕ.
399 875 489 918 ἐπεὶ
531 877 714 919 δοθεῖσα
758 878 874 920 ἐστιν
917 878 1092 935 ἑκατέρα
1135 888 1222 923 τῶν
1257 885 1364 936 ΕΑ,
1397 878 1520 936 An}

175 947 303 998 λόγος
339 946 421 1000 ἄρα
459 945 548 987 ἐστὶ
584 952 659 1000 τῆς
694 950 781 988 ΕΑ
816 949 924 1003 πρὸς
960 950 1039 1002 τὴν
1076 952 1167 991 ΑΓ
1204 951 1364 1000 δοθείς.
1423 953 1498 992 καί
1512 921 1520 982 a

175 1012 293 1055 ἐστιν
323 1014 437 1069 ὀρθὴ
475 1014 501 1068 ἡ
531 1015 616 1057 ὑπὸ
647 1023 735 1057 τῶν
766 1019 899 1059 ΑΓΕ
933 1021 1086 1071 γωνιά·
1131 1019 1302 1060 δέδοται
1333 1021 1415 1075 ἄρα
1446 1014 1515 1062 τὸ(

173 1085 307 1141 ΑΓΕ
334 1086 550 1138 τρίγωνον
579 1090 638 1141 τῷ
670 1086 792 1127 εἴδει·
833 1087 1014 1128 δοθεῖσα
1039 1088 1123 1142 ἄρα
1149 1087 1237 1129 ἐστὶ
1261 1087 1333 1129 καὶ
1357 1088 1383 1141 ἡ
1408 1089 1491 1130 ὑπὸ

174 1159 261 1194 τῶν
292 1155 429 1194 ΑΕΓ
453 1156 600 1207 γωνία.

103 1287 145 1317 15
786 1269 881 1311 πθΙ.
1511 1253 1520 1340 ἰ

255 1346 354 1390 Ἐὰν
378 1350 540 1391 κύκλου
565 1349 801 1404 δεδομένου
820 1357 871 1405 τῇ
890 1349 1010 1392 θέσει
1038 1350 1106 1392 ἐπὶ
1126 1357 1201 1405 τῆς
1218 1354 1490 1407 περιφερείας
1514 1353 1520 1400 ἦ

169 1415 305 1458 δοθὲν
341 1426 518 1472 σημεῖον
554 1422 725 1474 ληφθῇ,
769 1419 851 1461 ἀπὸ
889 1417 936 1461 δὲ
973 1420 1131 1462 τούτου
1163 1421 1272 1476 πρὸς
1300 1422 1380 1475 τὴν
1409 1427 1487 1462 τοῦ
1514 1455 1520 1463 .

166 1485 328 1526 κύκλου
359 1486 638 1543 περιφέρειαν
669 1491 840 1544 κλασθῇ
871 1504 936 1537 τις
966 1489 1116 1530 εὐθεῖα
1145 1489 1380 1544 δεδομένην
1403 1505 1485 1543 γω-

166 1555 267 1595 νίαν
289 1560 488 1608 ποιοῦσα,
520 1555 692 1598 δέδοται
718 1558 765 1598 τὸ
790 1556 938 1612 ἕτερον
961 1556 1093 1612 πέρας
1117 1563 1192 1612 τῆς
1214 1560 1485 1612 κλασθείσης.

96 1641 141 1673 20
252 1624 414 1665 κύκλου
440 1625 521 1680 γὰρ
547 1631 598 1680 τῇ
623 1625 745 1667 θέσει
771 1626 1008 1679 δεδομένου
1032 1627 1111 1667 τοῦ
1130 1628 1267 1667 ΑΒΓ
1287 1627 1482 1681 εἰλήφθω

164 1690 234 1733 ἐπὶ
258 1698 334 1747 τῆς
355 1696 629 1749 περιφερείας
653 1692 789 1736 δοθὲν
814 1703 993 1749 σημεῖον,
1015 1696 1063 1736 τὸ
1089 1698 1138 1750 Β,
1169 1695 1251 1737 ἀπὸ
1278 1693 1325 1737 δὲ
1348 1702 1426 1737 τοῦ
1444 1699 1482 1737 Β

163 1762 389 1804 κεκλάσθω
427 1762 577 1804 εὐθεῖα
613 1763 639 1817 ἡ
669 1766 800 1805 ΒΑΓ
831 1763 1068 1819 δεδομένην
1104 1770 1288 1806 ποιοῦσα
1318 1767 1482 1818 γωνίαν

162 1831 241 1884 τὴν
270 1831 356 1872 ὑπὸ
387 1838 475 1873 τῶν
505 1834 653 1873 ΒΑΓ·
693 1832 816 1886 λέγω,
848 1833 913 1874 ὅτι
945 1832 1116 1874 δέδοται
1147 1835 1195 1874 τὸ
1227 1836 1269 1874 Γ
1293 1841 1479 1888 σημεῖον.

250 1901 447 1954 εἰλήφθω
479 1902 561 1956 γὰρ
593 1902 641 1942 τὸ
672 1900 852 1957 κέντρον
882 1903 930 1943 τὸ
961 1905 1025 1955 A,
1056 1901 1127 1943 καὶ
1158 1901 1480 1956 ἐπεζεύχθωσαν

231 2052 260 2081 1.
287 2048 371 2093 πη’]
397 2048 469 2082 πθ’
490 2048 586 2093 νεώ,
613 2049 712 2092 edd.;
738 2048 798 2090 πζ’
825 2049 919 2094 βω).
996 2053 1024 2083 7.
1051 2049 1296 2095 ἀπολήψεται]
1322 2049 1476 2094 λήψεται
1518 2091 1520 2094 ¹

157 2092 325 2136 PVat.v;
351 2094 425 2129 ἀπο
452 2105 561 2139 supra
586 2106 651 2129 scr.
678 2107 724 2130 m.
740 2098 760 2129 2
779 2094 863 2129 Vat.
942 2096 1136 2141 δοθεῖσαν]
1163 2094 1290 2135 δοθείς
1314 2107 1346 2130 a.
1421 2099 1473 2130 10.
1517 2116 1520 2117 ν

157 2139 220 2173 καὶ
246 2138 326 2174 ἐπεί
350 2140 433 2175 Vat.
532 2144 584 2175 12.
611 2142 697 2186 τῶν]
723 2146 787 2185 τῆς
811 2152 843 2175 a.
935 2144 987 2176 13.
1016 2140 1111 2176 ἐστίν
1137 2152 1169 2176 a.
1247 2139 1330 2187 καί]
1356 2152 1415 2175 om
1441 2153 1472 2176 a.

205 2188 258 2219 15.
285 2186 374 2231 πθ’]
401 2186 440 2231 q'
461 2186 556 2231 Vat„
583 2187 682 2229 edd.;
707 2186 774 2231 κη’
795 2187 883 2232 βαι).
986 2191 1039 2221 17.
1067 2188 1228 2232 σημεῖον]
1254 2198 1367 2231 comp.
1389 2187 1471 2222 Vat.
1519 2227 1520 2230 Ἴ

202 2230 276 2266 ἀπό
297 2252 338 2257 -
362 2235 413 2266 18.
441 2231 692 2278 περιφέρειαν]
717 2233 780 2268 καὶ
805 2233 878 2267 ἀπὸ
902 2238 966 2267 τοῦ
992 2232 1140 2277 σημείου
1165 2234 1197 2279 β.
1294 2237 1346 2267 18.
1373 2244 1472 2276 περι·
1517 2242 1520 2278 j

157 2275 324 2323 φέρειαν]
357 2289 471 2322 comp.
498 2279 580 2313 Vat.
707 2283 760 2313 20.
799 2278 963 2323 εἰλήφθω
995 2278 1063 2323 γάρ
1095 2290 1126 2314 a.
1253 2282 1306 2314 21.
1338 2277 1469 2325 δοθέν]
