1520 2508
634 86 774 121 DATA.
1321 79 1378 123 57

601 216 806 259 XXXIII.

132 302 176 346 Si
206 302 259 344 ad
289 305 431 344 rectas
459 300 688 357 parallelas
720 299 937 355 positione
976 299 1097 340 datas
1128 300 1247 340 rect-a
1277 296 1393 338 linea

0 374 5 420 ἦ
42 373 207 416 ducitur
237 373 337 415 data
366 371 675 429 magnitudine,
708 371 832 413 datos
865 370 1024 413 efficiet
1055 368 1251 425 angulos.

0 453 1 457 ’
129 458 228 486 nam
260 444 312 486 ad
342 445 482 485 rectas
513 442 741 497 parallelas
779 441 996 497 positione
1029 441 1151 483 datas
1183 442 1284 496 AB,
1310 442 1392 482 ΓΔ

0 541 3 551 =
39 518 153 558 recta
182 515 294 557 linea
326 514 506 556 ducatur
536 516 621 556 EZ
654 513 753 554 data
785 512 1094 569 magnitudine.
1151 512 1260 563 dico,
1292 527 1387 554 eam

40 586 159 628 datos
191 585 358 628 efficere
391 584 572 641 angulos
605 587 748 639 BEZ⁷
772 586 918 626 ΕΖΔ.

128 671 227 699 nam
259 659 452 698 sumatur
478 655 524 697 in
554 658 673 697 recta
704 657 792 696 AB
825 655 972 697 datum
1003 657 1212 710 punctum
1245 657 1310 710 H,
1348 657 1393 696 et

41 741 118 782 per
158 730 210 769 H
254 730 396 769 rectae
438 730 481 769 E
490 729 526 768 Z
574 726 780 781 parallela
830 727 1012 768 ducatur
1059 728 1164 768 ΗΘ.
1242 725 1392 780 itaque

41 800 268 840 ZE=H
274 801 312 840 Θ
348 798 407 854 [I‚
439 797 527 852 34].
591 797 663 839 sed
702 797 802 839 data
840 800 905 839 est
943 800 1045 854 EZ3
1090 811 1220 852 quare
1259 796 1391 838 etiam

51 897 89 932 Δ
261 897 310 929 H
515 896 554 928 Ε
707 896 748 927 B
811 870 907 909 ΗΘ
944 868 1044 909 data
1082 871 1148 909 est
1195 867 1296 923 [def.
1331 867 1391 922 1].

538 942 542 962 ¹
809 941 853 981 et
894 941 1104 994 punctum
1145 941 1197 980 H
1236 939 1384 980 datum

107 1014 151 1049 K
418 1015 454 1048 Δ
810 1013 886 1052 est.
931 1009 1077 1065 itaque
1104 1009 1290 1051 circulus
1317 1009 1383 1051 de-

812 1080 997 1137 scriptus
1019 1084 1166 1123 centro
1182 1083 1240 1136 H,
1265 1081 1385 1122 radio

42 1139 83 1173 Γ
264 1135 300 1169 Θ
526 1139 557 1168 Z
714 1132 748 1169 Δ
812 1155 957 1193 autem
994 1154 1091 1193 ΗΘ
1134 1151 1260 1192 datus
1305 1151 1388 1193 erit

41 1224 253 1280 positione
286 1223 386 1278 [def.
408 1222 466 1278 6].
520 1222 788 1265 describatur
819 1226 862 1264 et
895 1222 952 1264 sit
977 1224 1120 1264 ΚΘΛ.
1175 1222 1393 1277 positione
1450 1252 1454 1255 -

40 1294 173 1351 igitur
210 1295 335 1336 datus
373 1297 439 1335 est
477 1293 661 1336 circulus
700 1296 746 1335 K
753 1296 844 1336 ΘΛ.
917 1308 1068 1335 uerum
1107 1293 1239 1334 etiam
1276 1295 1395 1335 recta

44 1366 86 1408 Γ
82 1369 125 1408 Δ
165 1365 380 1420 positione
424 1365 525 1406 data
567 1367 645 1406 est.
711 1364 858 1418 itaque
896 1364 1044 1405 datum
1081 1367 1147 1406 est
1184 1367 1394 1420 punctum

47 1438 84 1478 Θ
114 1436 250 1491 [prop.
281 1434 436 1490 XXV]
498 1450 650 1477 uerum
687 1434 818 1477 etiam
849 1437 902 1476 H
933 1435 1082 1476 datum
1120 1438 1204 1491 est3
1246 1435 1394 1490 itaque

46 1507 141 1548 ΗΘ
177 1506 276 1548 data
312 1509 378 1548 est
413 1506 630 1562 positione
669 1505 807 1561 [prop.
834 1505 1010 1560 XXVI]
1073 1520 1223 1548 uerum
1263 1505 1394 1548 etiam

46 1578 127 1619 ΓΔ
149 1577 364 1632 positione
390 1578 489 1619 data
514 1580 592 1619 est.
641 1577 787 1633 itaque
808 1577 934 1619 datus
955 1580 1021 1619 est
1041 1577 1224 1634 angulus
1244 1579 1394 1619 ΗΘΔ.

44 1649 87 1689 et
111 1651 138 1697 L
156 1650 208 1689 H
214 1650 295 1690 ΘΔ
314 1668 368 1682 =
389 1651 519 1690 ΕΖΔ
546 1647 598 1703 [L
616 1647 702 1703 29].
749 1662 879 1703 quare
907 1647 1039 1690 etiam
1065 1652 1092 1697 L
1112 1651 1241 1690 ΕΖΔ
1267 1649 1392 1691 datus

46 1719 111 1759 est
141 1717 239 1773 [def.
261 1717 317 1774 1].
368 1733 470 1775 ergo
504 1719 635 1760 etiam
667 1718 739 1774 qui
766 1718 1024 1773 relinquitur
1056 1723 1082 1768 L
1109 1722 1236 1761 ZEB
1268 1720 1395 1762 datus

46 1790 110 1830 est
140 1787 191 1844 [1‚
217 1789 290 1844 293
320 1803 439 1844 prop.
465 1789 559 1844 IV].

617 1894 818 1937 XXXIV.

140 1973 186 2017 Si
211 1976 262 2018 ad
285 1977 510 2032 parallelas
530 1980 670 2020 rectas
690 1977 906 2032 positione
927 1977 1048 2020 datas
1068 1992 1093 2019 a
1113 1978 1213 2020 dato
1234 1982 1395 2037 puncto

47 2047 163 2086 recta
179 2044 293 2088 linea
311 2047 491 2103 ducitur,
510 2049 743 2091 secundum
764 2048 909 2089 datam
928 2048 1141 2090 rationem
1162 2049 1391 2092 secabitur.

50 2220 90 2253 H
113 2218 198 2254 add.
224 2231 271 2255 m.
298 2224 330 2255 2.
425 2220 557 2269 γωνία]
589 2228 735 2268 γωνιῶν
760 2222 800 2258 Ρ.
913 2226 966 2258 19.
993 2221 1058 2258 καί
1078 2224 1175 2270 (pr.)]
1208 2236 1278 2260 om.
1305 2224 1390 2260 Vat.

57 2292 62 2296 .
95 2268 149 2301 20.
181 2269 285 2301 ΖΕΒ
329 2270 436 2303 ΖΕΔ
462 2269 485 2303 b
511 2272 558 2314 (u.
579 2269 721 2315 praefi).
803 2269 877 2304 ἐστι
902 2282 936 2316 V,
965 2284 987 2305 ν
1014 2271 1098 2306 add.
1125 2283 1172 2307 m.
1194 2275 1226 2307 2.
1308 2272 1390 2316 Seq.

49 2311 245 2349 demonstr.
273 2325 295 2349 a
311 2316 401 2360 tera,
426 2327 461 2352 u.
489 2328 572 2362 app.
671 2321 727 2352 21.
754 2317 830 2363 26‘]
857 2317 916 2362 με’
943 2317 978 2352 b.
