1520 2508
140 88 170 130 8
652 89 918 124 AEAOMENA.

777 221 803 259 γ
823 238 832 248 .

227 297 328 340 Ἐὰν
364 297 574 353 δεδομένα
609 298 771 353 μεγέθη
807 299 1028 341 ὁποσαοῦν
1063 304 1272 356 συντεθῇ,
1313 299 1385 343 καὶ
1414 301 1466 344 τὸ

142 368 186 419 ἐξ
217 369 363 410 αὐτῶν
393 369 674 423 συγκείμενον
704 367 940 423 δεδομένον
971 371 1099 411 ἔσται.

231 439 478 492 συγκείσθω
509 437 592 493 γὰρ
623 437 843 480 ὁποσαοῦν
867 438 1077 494 δεδομένα
1101 437 1263 493 μεγέθη
1287 441 1339 481 τὰ
1363 442 1464 495 ΑΒ,
1497 482 1501 487 ,

96 515 119 546 5
143 509 250 549 ΒΓ·
294 507 424 562 λέγω,
461 507 526 549 ὅτι
562 505 635 549 καὶ
670 507 718 549 τὸ
750 507 796 549 ἐκ
825 514 912 550 τῶν
942 511 1047 563 ΑΒ,
1072 511 1160 550 ΒΓ
1183 511 1468 564 συγκείμενον

142 578 191 619 τὸ
222 581 265 619 A
272 579 315 619 Γ
339 575 574 631 δεδομένον
603 575 757 618 ἐστίν.“

232 644 323 688 ἐπεὶ
347 646 430 702 γὰρ
456 644 629 687 δέδοται
654 647 702 688 τὸ
722 649 822 701 AB,
853 647 1043 689 δυνατόν
1074 646 1191 689 ἐστιν
1221 648 1337 705 αὐτῷ
1369 652 1468 690 ἴσον

144 718 426 772 πορίσασθαι.
475 717 728 771 πεπορίσθω
752 714 826 758 καὶ
849 718 956 759 ἔστω
981 718 1030 759 τὸ
1053 719 1152 759 ΔΕ.
1199 717 1346 772 πάλιν,
1376 715 1468 759 ἐπεὶ

144 785 330 828 δέδοται
348 786 397 827 τὸ
421 786 517 839 ΒΓ,
548 785 738 827 δυνατόν
768 784 886 828 ἐστιν
916 786 1033 843 αὐτῷ
1065 790 1162 829 ἴσον
1187 788 1469 841 πορίσασθαι.

74 863 121 894 10
142 857 398 911 πεπορίσθω
435 852 508 896 καὶ
545 855 650 896 ἔστω
687 855 735 896 τὸ
766 857 862 898 ΕΖ.
921 854 1011 898 ἐπεὶ
1048 853 1128 898 οὗν
1166 860 1262 898 ἴσον
1298 855 1386 898 ἐστὶ
1417 857 1467 899 τὸ

142 922 224 980 μὲν
253 927 339 966 AB
371 930 430 981 τῷ
454 927 556 979 ΔΕ,
587 924 635 965 τὸ
667 921 714 965 δὲ
738 926 827 966 ΒΓ
850 930 909 981 τῷ
934 928 1030 979 ΕΖ,
1061 925 1164 967 ὅλον
1194 926 1277 981 ἄρα
1307 927 1355 968 τὸ
1380 927 1477 968 ΑΓ

144 995 232 1051 ὅλῳ
258 999 318 1051 τῷ
342 997 386 1035 Λ
394 996 430 1035 Ζ
455 992 572 1035 ἐστιν
598 996 713 1034 ἴσον·
744 992 915 1035 δέδοται
942 995 1025 1050 ἄρα
1050 995 1098 1036 τὸ
1122 999 1165 1036 Α
1173 997 1230 1037 Γ·
1263 999 1360 1037 ἴσον
1384 996 1469 1051 γὰρ
1495 1023 1498 1026 «

142 1064 261 1121 αὐτῷ
291 1064 545 1115 πεπόρισται
575 1062 623 1103 τὸ
653 1065 697 1104 Δ
706 1065 752 1103 Ζ.

775 1202 799 1243 δ
812 1199 833 1243 ’.

74 1304 119 1335 15
231 1295 330 1337 Ἐὰν
369 1294 452 1337 ἀπὸ
493 1294 728 1349 δεδομένου
767 1293 980 1348 μεγέθους
1016 1294 1250 1350 δεδομένον
1284 1295 1471 1351 μέγεθος

146 1365 388 1421 ἀφαιρεθῇ,
419 1365 467 1406 τὸ
498 1364 652 1406 λοιπὸν
683 1363 918 1418 δεδομένον
948 1366 1076 1407 ἔσται.

234 1434 318 1477 ἀπὸ
355 1434 437 1490 γὰρ
475 1431 711 1488 δεδομένου
747 1431 960 1488 μεγέθους
995 1440 1074 1476 τοῦ
1110 1437 1195 1476 AB
1233 1435 1470 1490 δεδομένον

141 1503 330 1560 μέγεθος
355 1503 599 1559 ἀφῃρήσθω
625 1503 674 1544 τὸ
693 1504 803 1544 AF·
828 1501 951 1558 λέγω,
978 1503 1042 1545 ὅτι
1066 1504 1114 1546 τὸ
1140 1504 1293 1546 λοιπὸν
1318 1505 1365 1547 τὸ
1387 1507 1470 1547 ΓΒ

142 1573 381 1629 δεδομένον
411 1573 541 1615 ἐστίν.
610 1620 618 1628 ,

72 1653 120 1685 20
232 1641 322 1686 ἐπεὶ
351 1643 435 1699 γὰρ
467 1641 639 1685 δέδοται
666 1642 714 1684 τὸ
739 1644 839 1696 ΑΒ,
870 1642 1060 1684 δυνατόν
1084 1641 1202 1684 ἐστιν
1227 1643 1344 1700 αὐτῷ
1371 1648 1471 1686 ἴσον

141 1715 424 1770 πορίσασθαι.
469 1714 724 1768 πεπορίσθω
748 1709 821 1753 καὶ
847 1713 955 1753 ἔστω
980 1711 1027 1753 τὸ
1051 1715 1095 1753 Δ
1104 1715 1151 1753 Ζ.
1198 1713 1344 1767 πάλιν,
1377 1712 1470 1755 ἐπεὶ

142 1782 319 1826 δέδοται
349 1784 397 1825 τὸ
422 1783 521 1836 ΛΓ,
552 1781 744 1823 δυνατόν
774 1779 891 1822 ἐστιν
922 1780 1038 1837 αὐτῷ
1065 1785 1161 1823 ἴσον
1183 1783 1470 1837 πορίσασθαι,

143 1854 400 1909 πεπορίσθω
435 1850 508 1894 καὶ
544 1853 651 1894 ἔστω
688 1851 737 1893 τὸ
768 1853 867 1892 ΔΕ.
928 1848 1018 1892 ἐπεὶ
1049 1847 1130 1893 οὖν
1161 1854 1257 1893 ἴσον
1293 1851 1382 1894 ἐστὶ
1418 1853 1470 1895 τὸ

142 1921 225 1978 μὲν
254 1925 344 1964 AB
375 1928 435 1979 τῷ
466 1924 572 1976 ΔΖ,
608 1921 656 1963 τὸ
688 1917 735 1962 δὲ
765 1921 858 1962 ΑΓ
882 1925 940 1976 τῷ
971 1923 1077 1974 ΔΕ,
1115 1921 1269 1963 λοιπὸν
1303 1922 1387 1977 ἄρα
1419 1923 1470 1965 τὸ

240 2098 271 2130 3.
300 2094 414 2141 ἔσται]
440 2094 523 2130 add.
543 2105 590 2129 m.
611 2096 631 2128 2
650 2093 734 2128 Vat.
819 2095 850 2127 4.
876 2090 1058 2136 δεδομένα
1083 2092 1270 2128 ὁποσαοῦν
1294 2104 1326 2129 a.
1407 2093 1470 2141 τά]
1507 2115 1512 2121 -

145 2141 188 2177 τό
214 2153 246 2176 a.
333 2145 363 2176 5.
390 2139 454 2176 καί
479 2162 522 2167 -
549 2141 636 2186 ΒΓ]
662 2150 730 2175 om.
752 2150 783 2175 a.
856 2139 943 2185 τῶν]
969 2144 1032 2173 τοῦ
1058 2138 1141 2174 Vae.
1227 2143 1281 2175 10.
1308 2139 1404 2175 ἐστιν
1428 2141 1469 2176 Ρ.

1516 280 1520 307 ’4

195 2191 250 2222 12.
277 2186 357 2223 ἴσον
382 2186 479 2222 ἐστίν
505 2198 537 2222 a.
635 2190 687 2221 13.
713 2185 769 2232 τό]
794 2187 842 2231 τῷ
868 2196 898 2220 a.
1002 2188 1056 2220 17.
1082 2186 1162 2231 τοῦ]
1187 2191 1259 2221 τῶν
1284 2197 1316 2222 a.
1413 2190 1468 2222 20.
1516 2203 1520 2211 ·

142 2233 313 2316 Ξέὲῖοται]
339 2245 418 2268 τοτε
444 2245 476 2269 a.
590 2236 645 2268 24.
678 2236 711 2269 Δ
721 2233 763 2278 Ζ]
796 2242 883 2267 corr.
911 2241 954 2266 ex
979 2234 1045 2266 ΑΖ
1068 2243 1114 2267 m.
1143 2236 1162 2266 2
1188 2231 1272 2267 Vat.
1380 2233 1470 2279 ΔΕ]

237 2291 269 2315 a.
