<?xml version="1.0" encoding="UTF-8"?>
<!DOCTYPE html PUBLIC "-//W3C//DTD XHTML 1.0 Transitional//EN"
    "http://www.w3.org/TR/xhtml1/DTD/xhtml1-transitional.dtd">
<html xmlns="http://www.w3.org/1999/xhtml" xml:lang="en" lang="en">
 <head>
  <title>
</title>
<meta http-equiv="Content-Type" content="text/html;charset=utf-8" />
  <meta name='ocr-system' content='tesseract 3.04.00' />
  <meta name='ocr-capabilities' content='ocr_page ocr_carea ocr_par ocr_line ocrx_word'/>
</head>
<body>
  <div class='ocr_page' id='page_1' title='image "./euclidisoperaomn06eucluoft_0098.png"; bbox 0 0 1520 2508; ppageno 0'>
   <div class='ocr_carea' id='block_1_1' title="bbox 177 66 953 131">
    <p class='ocr_par' dir='ltr' id='par_1_1' title="bbox 177 66 953 131">
     <span class='ocr_line' id='line_1_1' title="bbox 177 66 953 131; baseline -0.004 -6"><span class='ocrx_word' id='word_1_1' title='bbox 177 84 238 125; x_wconf 80' lang='lat'><em>32</em></span> <span class='ocrx_word' id='word_1_2' title='bbox 341 66 343 69; x_wconf 36' lang='lat'>⁵</span> <span class='ocrx_word' id='word_1_3' title='bbox 527 75 547 131; x_wconf 75' lang='grc'><em>’,</em></span> <span class='ocrx_word' id='word_1_4' title='bbox 686 87 953 122; x_wconf 72' lang='grc' dir='ltr'><em>ΔΕΔοΜΕΝΔ.</em></span> 
     </span>
    </p>
   </div>
   <div class='ocr_carea' id='block_1_2' title="bbox 175 92 1493 382">
    <p class='ocr_par' dir='ltr' id='par_1_2' title="bbox 175 92 1493 319">
     <span class='ocr_line' id='line_1_2' title="bbox 1460 92 1491 151; baseline 0 -4"><span class='ocrx_word' id='word_1_5' title='bbox 1460 92 1491 151; x_wconf 58' lang='grc' dir='ltr'><em>ὦ</em></span> 
     </span>
     <span class='ocr_line' id='line_1_3' title="bbox 175 161 1493 239; baseline 0.005 -19"><span class='ocrx_word' id='word_1_6' title='bbox 175 182 257 220; x_wconf 75' lang='grc' dir='ltr'><em>καί</em></span> <span class='ocrx_word' id='word_1_7' title='bbox 284 179 374 221; x_wconf 86' lang='grc' dir='ltr'><em>ἐστι</em></span> <span class='ocrx_word' id='word_1_8' title='bbox 405 177 540 221; x_wconf 84' lang='grc' dir='ltr'><em>δοθεν</em></span> <span class='ocrx_word' id='word_1_9' title='bbox 570 181 618 221; x_wconf 91' lang='grc' dir='ltr'><em>τὸ</em></span> <span class='ocrx_word' id='word_1_10' title='bbox 649 182 756 221; x_wconf 88' lang='grc' dir='ltr'><em>ΗΖ·</em></span> <span class='ocrx_word' id='word_1_11' title='bbox 794 181 841 222; x_wconf 89' lang='grc' dir='ltr'><em>τὸ</em></span> <span class='ocrx_word' id='word_1_12' title='bbox 875 183 953 222; x_wconf 90' lang='grc' dir='ltr'><em>ΖΒ</em></span> <span class='ocrx_word' id='word_1_13' title='bbox 984 182 1067 237; x_wconf 76' lang='grc' dir='ltr'><em>ἄρα</em></span> <span class='ocrx_word' id='word_1_14' title='bbox 1096 188 1174 224; x_wconf 89' lang='grc' dir='ltr'><em>τοῦ</em></span> <span class='ocrx_word' id='word_1_15' title='bbox 1203 185 1291 224; x_wconf 89' lang='grc' dir='ltr'><em>ΕΔ</em></span> <span class='ocrx_word' id='word_1_16' title='bbox 1321 161 1493 239; x_wconf 48' lang='grc' dir='ltr'><em>δοθέιὲ</em></span> 
     </span>
     <span class='ocr_line' id='line_1_4' title="bbox 176 240 1489 306; baseline 0 -16"><span class='ocrx_word' id='word_1_17' title='bbox 176 250 324 303; x_wconf 80' lang='grc' dir='ltr'><em>μεῖζόν</em></span> <span class='ocrx_word' id='word_1_18' title='bbox 349 248 466 290; x_wconf 84' lang='grc' dir='ltr'><em>ἐστιν</em></span> <span class='ocrx_word' id='word_1_19' title='bbox 490 248 516 302; x_wconf 77' lang='grc' dir='ltr'>ἢ</span> <span class='ocrx_word' id='word_1_20' title='bbox 541 247 589 290; x_wconf 83' lang='grc' dir='ltr'><em>ἐν</em></span> <span class='ocrx_word' id='word_1_21' title='bbox 613 250 738 306; x_wconf 79' lang='grc' dir='ltr'><em>λόγῳ.</em></span> <span class='ocrx_word' id='word_1_22' title='bbox 1457 240 1489 297; x_wconf 56' lang='grc' dir='ltr'><em>’ἓ</em></span> 
     </span>
    </p>

    <p class='ocr_par' dir='ltr' id='par_1_3' title="bbox 807 318 1490 387">
     <span class='ocr_line' id='line_1_5' title="bbox 807 318 1490 382; baseline 0.001 -10"><span class='ocrx_word' id='word_1_23' title='bbox 807 330 872 382; x_wconf 80' lang='grc' dir='ltr'><em>ιζ’.</em></span> <span class='ocrx_word' id='word_1_24' title='bbox 1466 318 1490 355; x_wconf 39' lang='grc' dir='ltr'><em>ξ*</em></span> 
     </span>
    </p>
   </div>
   <div class='ocr_carea' id='block_1_3' title="bbox 108 394 1511 1035">
    <p class='ocr_par' dir='ltr' id='par_1_4' title="bbox 266 394 1496 470">
     <span class='ocr_line' id='line_1_6' title="bbox 266 394 1496 470; baseline 0.007 -20.037"><span class='ocrx_word' id='word_1_25' title='bbox 266 408 366 451; x_wconf 85' lang='grc' dir='ltr'><em>Ἐὰν</em></span> <span class='ocrx_word' id='word_1_26' title='bbox 396 405 423 465; x_wconf 78' lang='grc' dir='ltr'><strong><em>ᾖ</em></strong></span> <span class='ocrx_word' id='word_1_27' title='bbox 453 412 551 465; x_wconf 78' lang='grc' dir='ltr'><em>τρία</em></span> <span class='ocrx_word' id='word_1_28' title='bbox 581 409 762 464; x_wconf 80' lang='grc' dir='ltr'><em>μεγέθη,</em></span> <span class='ocrx_word' id='word_1_29' title='bbox 804 410 874 452; x_wconf 82' lang='grc' dir='ltr'><em>καὶ</em></span> <span class='ocrx_word' id='word_1_30' title='bbox 905 413 953 453; x_wconf 86' lang='grc' dir='ltr'><em>τὸ</em></span> <span class='ocrx_word' id='word_1_31' title='bbox 984 419 1156 467; x_wconf 78' lang='grc' dir='ltr'><em>πρῶτον</em></span> <span class='ocrx_word' id='word_1_32' title='bbox 1187 419 1264 454; x_wconf 89' lang='grc' dir='ltr'><em>τοῦ</em></span> <span class='ocrx_word' id='word_1_33' title='bbox 1295 394 1496 470; x_wconf 56' lang='grc' dir='ltr'><em>δευτέρου</em></span> 
     </span>
    </p>

    <p class='ocr_par' dir='ltr' id='par_1_5' title="bbox 129 461 1503 598">
     <span class='ocr_line' id='line_1_7' title="bbox 129 461 1503 598; baseline 0.003 -78"><span class='ocrx_word' id='word_1_34' title='bbox 129 491 155 520; x_wconf 98' lang='lat'><em>5</em></span> <span class='ocrx_word' id='word_1_35' title='bbox 183 478 361 520; x_wconf 79' lang='grc' dir='ltr'><em>δοθέντι</em></span> <span class='ocrx_word' id='word_1_36' title='bbox 392 476 591 536; x_wconf 84' lang='grc' dir='ltr'><em>μεῖζονῇ</em></span> <span class='ocrx_word' id='word_1_37' title='bbox 564 479 648 534; x_wconf 75' lang='grc' dir='ltr'><em>ηῆ</em></span> <span class='ocrx_word' id='word_1_38' title='bbox 681 480 727 522; x_wconf 84' lang='grc' dir='ltr'><em>ἐν</em></span> <span class='ocrx_word' id='word_1_39' title='bbox 758 482 890 537; x_wconf 76' lang='grc' dir='ltr'><em>λόγῳ,</em></span> <span class='ocrx_word' id='word_1_40' title='bbox 933 477 956 536; x_wconf 83' lang='grc' dir='ltr'><em>ᾗ</em></span> <span class='ocrx_word' id='word_1_41' title='bbox 989 479 1035 522; x_wconf 75' lang='grc' dir='ltr'><em>δὲ</em></span> <span class='ocrx_word' id='word_1_42' title='bbox 1066 480 1136 523; x_wconf 79' lang='grc' dir='ltr'><em>καὶ</em></span> <span class='ocrx_word' id='word_1_43' title='bbox 1167 483 1215 523; x_wconf 91' lang='grc' dir='ltr'><em>τὸ</em></span> <span class='ocrx_word' id='word_1_44' title='bbox 1245 485 1392 537; x_wconf 77' lang='grc' dir='ltr'><em>τρίτον</em></span> <span class='ocrx_word' id='word_1_45' title='bbox 1419 461 1503 598; x_wconf 52' lang='lat' dir='ltr'><em>‘cog</em></span> 
     </span>
    </p>

    <p class='ocr_par' dir='ltr' id='par_1_6' title="bbox 181 548 1472 607">
     <span class='ocr_line' id='line_1_8' title="bbox 181 548 1472 607; baseline 0.003 -17"><span class='ocrx_word' id='word_1_46' title='bbox 181 548 318 590; x_wconf 84' lang='grc' dir='ltr'><em>αὐτοῦ</em></span> <span class='ocrx_word' id='word_1_47' title='bbox 349 549 526 591; x_wconf 81' lang='grc' dir='ltr'><em>δοθέντι</em></span> <span class='ocrx_word' id='word_1_48' title='bbox 555 552 699 604; x_wconf 81' lang='grc' dir='ltr'><em>μεῖζον</em></span> <span class='ocrx_word' id='word_1_49' title='bbox 728 549 754 603; x_wconf 77' lang='grc' dir='ltr'>ἢ</span> <span class='ocrx_word' id='word_1_50' title='bbox 787 549 834 592; x_wconf 85' lang='grc' dir='ltr'><em>ἐν</em></span> <span class='ocrx_word' id='word_1_51' title='bbox 863 552 997 607; x_wconf 89' lang='grc' dir='ltr'><em>λόγω,</em></span> <span class='ocrx_word' id='word_1_52' title='bbox 1034 552 1081 592; x_wconf 91' lang='grc' dir='ltr'><em>τὸ</em></span> <span class='ocrx_word' id='word_1_53' title='bbox 1113 558 1286 607; x_wconf 73' lang='grc' dir='ltr'><em>πρῶτον</em></span> <span class='ocrx_word' id='word_1_54' title='bbox 1315 553 1421 607; x_wconf 78' lang='grc' dir='ltr'><strong>πρὸς</strong></span> <span class='ocrx_word' id='word_1_55' title='bbox 1447 568 1472 595; x_wconf 86' lang='grc' dir='ltr'><em>τ</em></span> 
     </span>
    </p>

    <p class='ocr_par' dir='ltr' id='par_1_7' title="bbox 180 607 1499 742">
     <span class='ocr_line' id='line_1_9' title="bbox 180 607 1499 701; baseline 0.003 -42"><span class='ocrx_word' id='word_1_56' title='bbox 180 619 328 673; x_wconf 78' lang='grc' dir='ltr'><em>τρίτον</em></span> <span class='ocrx_word' id='word_1_57' title='bbox 364 620 458 672; x_wconf 79' lang='grc' dir='ltr'><em>ἤτοι</em></span> <span class='ocrx_word' id='word_1_58' title='bbox 495 620 626 672; x_wconf 90' lang='grc' dir='ltr'><em>λόγον</em></span> <span class='ocrx_word' id='word_1_59' title='bbox 662 617 745 668; x_wconf 82' lang='grc' dir='ltr'><em>ε’ξει</em></span> <span class='ocrx_word' id='word_1_60' title='bbox 781 619 1034 674; x_wconf 87' lang='grc' dir='ltr'><em>δεδομένον,</em></span> <span class='ocrx_word' id='word_1_61' title='bbox 1077 619 1102 673; x_wconf 79' lang='grc' dir='ltr'>ἢ</span> <span class='ocrx_word' id='word_1_62' title='bbox 1145 620 1193 661; x_wconf 86' lang='grc' dir='ltr'><em>τὸ</em></span> <span class='ocrx_word' id='word_1_63' title='bbox 1235 619 1381 675; x_wconf 80' lang='grc' dir='ltr'><em>ἕτερον</em></span> <span class='ocrx_word' id='word_1_64' title='bbox 1420 607 1499 701; x_wconf 84' lang='grc' dir='ltr'><em>τοξ</em></span> 
     </span>
     <span class='ocr_line' id='line_1_10' title="bbox 181 685 1150 746; baseline 0.002 -18"><span class='ocrx_word' id='word_1_65' title='bbox 181 685 329 741; x_wconf 79' lang='grc' dir='ltr'><em>ἑτέρου</em></span> <span class='ocrx_word' id='word_1_66' title='bbox 361 686 538 728; x_wconf 85' lang='grc' dir='ltr'><em>δοθέντι</em></span> <span class='ocrx_word' id='word_1_67' title='bbox 569 690 712 742; x_wconf 82' lang='grc' dir='ltr'><em>μεῖζον</em></span> <span class='ocrx_word' id='word_1_68' title='bbox 743 690 859 730; x_wconf 82' lang='grc' dir='ltr'><em>ἔσται</em></span> <span class='ocrx_word' id='word_1_69' title='bbox 890 687 916 742; x_wconf 78' lang='grc' dir='ltr'>ἢ</span> <span class='ocrx_word' id='word_1_70' title='bbox 948 687 994 730; x_wconf 84' lang='grc' dir='ltr'><em>ἐν</em></span> <span class='ocrx_word' id='word_1_71' title='bbox 1025 691 1150 746; x_wconf 79' lang='grc' dir='ltr'><em>λόγῳ.</em></span> 
     </span>
    </p>

    <p class='ocr_par' dir='ltr' id='par_1_8' title="bbox 270 756 1510 818">
     <span class='ocr_line' id='line_1_11' title="bbox 270 756 1510 818; baseline 0.003 -20"><span class='ocrx_word' id='word_1_72' title='bbox 270 758 376 798; x_wconf 81' lang='grc' dir='ltr'><em>ἔστω</em></span> <span class='ocrx_word' id='word_1_73' title='bbox 419 759 515 811; x_wconf 78' lang='grc' dir='ltr'><em>τρία</em></span> <span class='ocrx_word' id='word_1_74' title='bbox 551 756 708 811; x_wconf 81' lang='grc' dir='ltr'><em>μεγέθη</em></span> <span class='ocrx_word' id='word_1_75' title='bbox 745 758 797 799; x_wconf 81' lang='grc' dir='ltr'><em>τὰ</em></span> <span class='ocrx_word' id='word_1_76' title='bbox 830 761 933 811; x_wconf 84' lang='grc' dir='ltr'><em>ΑΒ,</em></span> <span class='ocrx_word' id='word_1_77' title='bbox 966 760 1014 811; x_wconf 98' lang='grc' dir='ltr'><em>Γ,</em></span> <span class='ocrx_word' id='word_1_78' title='bbox 1045 761 1150 812; x_wconf 89' lang='grc' dir='ltr'><em>ΔΕ,</em></span> <span class='ocrx_word' id='word_1_79' title='bbox 1192 757 1263 800; x_wconf 82' lang='grc' dir='ltr'><em>καὶ</em></span> <span class='ocrx_word' id='word_1_80' title='bbox 1301 757 1510 818; x_wconf 66' lang='grc' dir='ltr'><em>ἑκάτερον</em></span> 
     </span>
    </p>

    <p class='ocr_par' dir='ltr' id='par_1_9' title="bbox 108 826 1499 894">
     <span class='ocr_line' id='line_1_12' title="bbox 108 826 1499 894; baseline 0.003 -27"><span class='ocrx_word' id='word_1_81' title='bbox 108 838 157 868; x_wconf 85' lang='lat'><em>10</em></span> <span class='ocrx_word' id='word_1_82' title='bbox 181 833 269 867; x_wconf 85' lang='grc' dir='ltr'><em>τῶν</em></span> <span class='ocrx_word' id='word_1_83' title='bbox 299 829 399 880; x_wconf 87' lang='grc' dir='ltr'><em>ΑΒ,</em></span> <span class='ocrx_word' id='word_1_84' title='bbox 423 829 513 868; x_wconf 88' lang='grc' dir='ltr'><em>ΛΕ</em></span> <span class='ocrx_word' id='word_1_85' title='bbox 539 833 617 868; x_wconf 91' lang='grc' dir='ltr'><em>τοῦ</em></span> <span class='ocrx_word' id='word_1_86' title='bbox 650 829 691 868; x_wconf 91' lang='grc' dir='ltr'>Γ</span> <span class='ocrx_word' id='word_1_87' title='bbox 715 826 892 868; x_wconf 85' lang='grc' dir='ltr'><em>δοθέντι</em></span> <span class='ocrx_word' id='word_1_88' title='bbox 922 829 1065 882; x_wconf 81' lang='grc' dir='ltr'><em>μεῖζον</em></span> <span class='ocrx_word' id='word_1_89' title='bbox 1096 830 1201 869; x_wconf 81' lang='grc' dir='ltr'><em>ἔστω</em></span> <span class='ocrx_word' id='word_1_90' title='bbox 1233 827 1259 882; x_wconf 80' lang='grc' dir='ltr'><em>ἢ</em></span> <span class='ocrx_word' id='word_1_91' title='bbox 1291 828 1337 870; x_wconf 89' lang='grc' dir='ltr'><em>έν</em></span> <span class='ocrx_word' id='word_1_92' title='bbox 1368 828 1499 894; x_wconf 56' lang='grc' dir='ltr'><em>λόγῳ</em></span> 
     </span>
    </p>

    <p class='ocr_par' dir='ltr' id='par_1_10' title="bbox 181 873 1509 981">
     <span class='ocr_line' id='line_1_13' title="bbox 181 873 1509 981; baseline 0.002 -44"><span class='ocrx_word' id='word_1_93' title='bbox 181 894 313 949; x_wconf 84' lang='grc' dir='ltr'><em>λέγω,</em></span> <span class='ocrx_word' id='word_1_94' title='bbox 356 897 420 938; x_wconf 83' lang='grc' dir='ltr'><em>ὅτι</em></span> <span class='ocrx_word' id='word_1_95' title='bbox 451 897 504 937; x_wconf 81' lang='grc' dir='ltr'><em>τὰ</em></span> <span class='ocrx_word' id='word_1_96' title='bbox 535 898 639 950; x_wconf 86' lang='grc' dir='ltr'><em>ΑΒ,</em></span> <span class='ocrx_word' id='word_1_97' title='bbox 664 899 754 937; x_wconf 90' lang='grc' dir='ltr'><em>ΔΕ</em></span> <span class='ocrx_word' id='word_1_98' title='bbox 786 897 880 949; x_wconf 82' lang='grc' dir='ltr'><em>ἤτοι</em></span> <span class='ocrx_word' id='word_1_99' title='bbox 915 898 1024 952; x_wconf 79' lang='grc' dir='ltr'><strong>πρὸς</strong></span> <span class='ocrx_word' id='word_1_100' title='bbox 1060 898 1222 951; x_wconf 78' lang='grc' dir='ltr'><em>ἄλληλα</em></span> <span class='ocrx_word' id='word_1_101' title='bbox 1253 899 1384 951; x_wconf 87' lang='grc' dir='ltr'><em>λόγον</em></span> <span class='ocrx_word' id='word_1_102' title='bbox 1398 873 1509 981; x_wconf 57' lang='grc' dir='ltr'><em>ἔχεὲ·</em></span> 
     </span>
    </p>

    <p class='ocr_par' dir='ltr' id='par_1_11' title="bbox 182 964 1511 1035">
     <span class='ocr_line' id='line_1_14' title="bbox 182 964 1511 1035; baseline 0.003 -29"><span class='ocrx_word' id='word_1_103' title='bbox 182 964 462 1019; x_wconf 86' lang='grc' dir='ltr'><em>δεδομένον</em></span> <span class='ocrx_word' id='word_1_104' title='bbox 447 966 472 1019; x_wconf 78' lang='grc' dir='ltr'><em>ἠ</em></span> <span class='ocrx_word' id='word_1_105' title='bbox 498 966 545 1007; x_wconf 86' lang='grc' dir='ltr'><em>τὸ</em></span> <span class='ocrx_word' id='word_1_106' title='bbox 571 964 717 1021; x_wconf 77' lang='grc' dir='ltr'><em>ἕτερον</em></span> <span class='ocrx_word' id='word_1_107' title='bbox 741 971 819 1007; x_wconf 89' lang='grc' dir='ltr'><em>τοῦ</em></span> <span class='ocrx_word' id='word_1_108' title='bbox 844 964 991 1021; x_wconf 80' lang='grc' dir='ltr'><em>ἑτέρου</em></span> <span class='ocrx_word' id='word_1_109' title='bbox 1017 965 1194 1008; x_wconf 86' lang='grc' dir='ltr'><em>δοθέντι</em></span> <span class='ocrx_word' id='word_1_110' title='bbox 1218 969 1361 1021; x_wconf 77' lang='grc' dir='ltr'><em>μεῖζόν</em></span> <span class='ocrx_word' id='word_1_111' title='bbox 1386 966 1511 1035; x_wconf 18' lang='grc' dir='ltr'><em>ἐστι,</em></span> <span class='ocrx_word' id='word_1_112' title='bbox 1498 988 1507 1020; x_wconf 66' lang='lat'><em>3&lt;</em></span> 
     </span>
    </p>
   </div>
   <div class='ocr_carea' id='block_1_4' title="bbox 1467 979 1520 1082">
    <p class='ocr_par' dir='ltr' id='par_1_12' title="bbox 1467 979 1520 1082">
     <span class='ocr_line' id='line_1_15' title="bbox 1467 979 1520 1082; baseline 0 -33"><span class='ocrx_word' id='word_1_113' title='bbox 1467 979 1520 1082; x_wconf 95' lang='lat' dir='ltr'><em>  </em></span> 
     </span>
    </p>
   </div>
   <div class='ocr_carea' id='block_1_5' title="bbox 106 1084 1520 1926">
    <p class='ocr_par' dir='ltr' id='par_1_13' title="bbox 271 1084 1516 1166">
     <span class='ocr_line' id='line_1_16' title="bbox 271 1084 1516 1166; baseline -0.001 -20"><span class='ocrx_word' id='word_1_114' title='bbox 271 1103 360 1146; x_wconf 82' lang='grc' dir='ltr'><em>ἐπεὶ</em></span> <span class='ocrx_word' id='word_1_115' title='bbox 390 1105 471 1159; x_wconf 83' lang='grc' dir='ltr'><em>γὰο</em></span> <span class='ocrx_word' id='word_1_116' title='bbox 503 1106 551 1146; x_wconf 88' lang='grc' dir='ltr'><em>τὸ</em></span> <span class='ocrx_word' id='word_1_117' title='bbox 576 1108 665 1146; x_wconf 88' lang='grc' dir='ltr'><em>ΔΕ</em></span> <span class='ocrx_word' id='word_1_118' title='bbox 691 1111 769 1146; x_wconf 88' lang='grc' dir='ltr'><em>τοῦ</em></span> <span class='ocrx_word' id='word_1_119' title='bbox 802 1107 843 1146; x_wconf 94' lang='grc' dir='ltr'>Γ</span> <span class='ocrx_word' id='word_1_120' title='bbox 868 1104 1046 1148; x_wconf 87' lang='grc' dir='ltr'><em>δοθέντι</em></span> <span class='ocrx_word' id='word_1_121' title='bbox 1075 1108 1219 1160; x_wconf 79' lang='grc' dir='ltr'><em>μεῖζόν</em></span> <span class='ocrx_word' id='word_1_122' title='bbox 1250 1106 1366 1148; x_wconf 79' lang='grc' dir='ltr'><em>ἐστιν</em></span> <span class='ocrx_word' id='word_1_123' title='bbox 1396 1105 1422 1160; x_wconf 75' lang='grc' dir='ltr'>ἢ</span> <span class='ocrx_word' id='word_1_124' title='bbox 1453 1084 1516 1166; x_wconf 62' lang='grc' dir='ltr'><em>ένξ</em></span> 
     </span>
    </p>

    <p class='ocr_par' dir='ltr' id='par_1_14' title="bbox 106 1167 1520 1647">
     <span class='ocr_line' id='line_1_17' title="bbox 110 1167 1520 1231; baseline 0.003 -16"><span class='ocrx_word' id='word_1_125' title='bbox 110 1186 158 1216; x_wconf 78' lang='lat'>15</span> <span class='ocrx_word' id='word_1_126' title='bbox 185 1175 318 1231; x_wconf 77' lang='grc' dir='ltr'><em>λόγῳ,</em></span> <span class='ocrx_word' id='word_1_127' title='bbox 362 1174 605 1229; x_wconf 79' lang='grc' dir='ltr'><em>ἀφῃρήσθω</em></span> <span class='ocrx_word' id='word_1_128' title='bbox 643 1175 690 1216; x_wconf 86' lang='grc' dir='ltr'><em>τὸ</em></span> <span class='ocrx_word' id='word_1_129' title='bbox 728 1173 864 1216; x_wconf 87' lang='grc' dir='ltr'><em>δοθεν</em></span> <span class='ocrx_word' id='word_1_130' title='bbox 900 1174 1083 1229; x_wconf 77' lang='grc' dir='ltr'><em>μέγεθος</em></span> <span class='ocrx_word' id='word_1_131' title='bbox 1112 1177 1160 1217; x_wconf 89' lang='grc' dir='ltr'><em>τὸ</em></span> <span class='ocrx_word' id='word_1_132' title='bbox 1192 1178 1303 1217; x_wconf 89' lang='grc' dir='ltr'><em>ΔΗ·</em></span> <span class='ocrx_word' id='word_1_133' title='bbox 1348 1167 1520 1224; x_wconf 53' lang='lat' dir='ltr'>aomo&amp;</span> 
     </span>
     <span class='ocr_line' id='line_1_18' title="bbox 116 1212 1517 1300; baseline 0.002 -15"><span class='ocrx_word' id='word_1_134' title='bbox 116 1253 120 1257; x_wconf 63' lang='lat'><strong>⁴</strong></span> <span class='ocrx_word' id='word_1_135' title='bbox 182 1245 267 1299; x_wconf 77' lang='grc' dir='ltr'><em>ἄρα</em></span> <span class='ocrx_word' id='word_1_136' title='bbox 302 1250 380 1286; x_wconf 90' lang='grc' dir='ltr'><em>τοῦ</em></span> <span class='ocrx_word' id='word_1_137' title='bbox 411 1247 504 1286; x_wconf 88' lang='grc' dir='ltr'><em>ΗΕ</em></span> <span class='ocrx_word' id='word_1_138' title='bbox 537 1245 644 1299; x_wconf 77' lang='grc' dir='ltr'><strong>πρὸς</strong></span> <span class='ocrx_word' id='word_1_139' title='bbox 680 1245 727 1286; x_wconf 88' lang='grc' dir='ltr'><em>τὸ</em></span> <span class='ocrx_word' id='word_1_140' title='bbox 760 1247 802 1286; x_wconf 95' lang='grc' dir='ltr'>Γ</span> <span class='ocrx_word' id='word_1_141' title='bbox 832 1246 959 1298; x_wconf 78' lang='grc' dir='ltr'><em>λόγος</em></span> <span class='ocrx_word' id='word_1_142' title='bbox 995 1243 1084 1287; x_wconf 81' lang='grc' dir='ltr'><em>ἐστὶ</em></span> <span class='ocrx_word' id='word_1_143' title='bbox 1123 1246 1282 1295; x_wconf 81' lang='grc' dir='ltr'><em>δοθείς.</em></span> <span class='ocrx_word' id='word_1_144' title='bbox 1344 1246 1415 1287; x_wconf 84' lang='grc' dir='ltr'><em>διὰ</em></span> <span class='ocrx_word' id='word_1_145' title='bbox 1449 1212 1517 1300; x_wconf 45' lang='grc' dir='ltr'><em>τάξ</em></span> 
     </span>
     <span class='ocr_line' id='line_1_19' title="bbox 181 1313 1514 1375; baseline 0.002 -20"><span class='ocrx_word' id='word_1_146' title='bbox 181 1313 293 1355; x_wconf 79' lang='grc' dir='ltr'><em>αὐτὰ</em></span> <span class='ocrx_word' id='word_1_147' title='bbox 330 1314 382 1368; x_wconf 88' lang='grc' dir='ltr'><em>δὴ</em></span> <span class='ocrx_word' id='word_1_148' title='bbox 419 1313 490 1356; x_wconf 84' lang='grc' dir='ltr'><em>καὶ</em></span> <span class='ocrx_word' id='word_1_149' title='bbox 527 1320 604 1355; x_wconf 89' lang='grc' dir='ltr'><em>τοῦ</em></span> <span class='ocrx_word' id='word_1_150' title='bbox 636 1316 715 1355; x_wconf 92' lang='grc' dir='ltr'><em>ΖΒ</em></span> <span class='ocrx_word' id='word_1_151' title='bbox 752 1314 859 1368; x_wconf 77' lang='grc' dir='ltr'>πρὸς</span> <span class='ocrx_word' id='word_1_152' title='bbox 894 1315 942 1356; x_wconf 86' lang='grc' dir='ltr'><em>τὸ</em></span> <span class='ocrx_word' id='word_1_153' title='bbox 975 1316 1017 1355; x_wconf 94' lang='grc' dir='ltr'>Γ</span> <span class='ocrx_word' id='word_1_154' title='bbox 1046 1317 1173 1368; x_wconf 81' lang='grc' dir='ltr'><em>λόγος</em></span> <span class='ocrx_word' id='word_1_155' title='bbox 1210 1314 1298 1357; x_wconf 86' lang='grc' dir='ltr'><em>ἐστὶ</em></span> <span class='ocrx_word' id='word_1_156' title='bbox 1336 1316 1514 1375; x_wconf 60' lang='grc' dir='ltr'><em>δοθείςῖξ</em></span> 
     </span>
     <span class='ocr_line' id='line_1_20' title="bbox 181 1377 1515 1444; baseline 0.002 -20"><span class='ocrx_word' id='word_1_157' title='bbox 181 1381 254 1424; x_wconf 81' lang='grc' dir='ltr'><em>καὶ</em></span> <span class='ocrx_word' id='word_1_158' title='bbox 285 1389 362 1424; x_wconf 89' lang='grc' dir='ltr'><em>τοῦ</em></span> <span class='ocrx_word' id='word_1_159' title='bbox 390 1386 468 1424; x_wconf 93' lang='grc' dir='ltr'><em>ΖΒ</em></span> <span class='ocrx_word' id='word_1_160' title='bbox 499 1384 582 1438; x_wconf 76' lang='grc' dir='ltr'><em>ἄρα</em></span> <span class='ocrx_word' id='word_1_161' title='bbox 611 1384 720 1438; x_wconf 76' lang='grc' dir='ltr'><strong>πρὸς</strong></span> <span class='ocrx_word' id='word_1_162' title='bbox 750 1384 796 1424; x_wconf 92' lang='grc' dir='ltr'><em>τὸ</em></span> <span class='ocrx_word' id='word_1_163' title='bbox 822 1386 915 1425; x_wconf 89' lang='grc' dir='ltr'><em>ΗΕ</em></span> <span class='ocrx_word' id='word_1_164' title='bbox 943 1386 1070 1437; x_wconf 80' lang='grc' dir='ltr'><em>λόγος</em></span> <span class='ocrx_word' id='word_1_165' title='bbox 1101 1383 1189 1426; x_wconf 83' lang='grc' dir='ltr'><em>ἐστὶ</em></span> <span class='ocrx_word' id='word_1_166' title='bbox 1221 1385 1380 1434; x_wconf 82' lang='grc' dir='ltr'><em>δοθείς.</em></span> <span class='ocrx_word' id='word_1_167' title='bbox 1429 1377 1515 1444; x_wconf 58' lang='grc' dir='ltr'><em>κοὰξ</em></span> 
     </span>
     <span class='ocr_line' id='line_1_21' title="bbox 183 1446 1520 1508; baseline 0.001 -14"><span class='ocrx_word' id='word_1_168' title='bbox 183 1454 431 1508; x_wconf 76' lang='grc' dir='ltr'><em>πρόσκειται</em></span> <span class='ocrx_word' id='word_1_169' title='bbox 469 1452 616 1502; x_wconf 78' lang='grc' dir='ltr'><em>αὐτοῖς</em></span> <span class='ocrx_word' id='word_1_170' title='bbox 652 1451 861 1507; x_wconf 86' lang='grc' dir='ltr'><em>δεδομένα</em></span> <span class='ocrx_word' id='word_1_171' title='bbox 896 1452 1058 1507; x_wconf 81' lang='grc' dir='ltr'><em>μεγέθη</em></span> <span class='ocrx_word' id='word_1_172' title='bbox 1088 1454 1140 1495; x_wconf 77' lang='grc' dir='ltr'><em>τὰ</em></span> <span class='ocrx_word' id='word_1_173' title='bbox 1171 1457 1212 1495; x_wconf 88' lang='grc' dir='ltr'><em>Α</em></span> <span class='ocrx_word' id='word_1_174' title='bbox 1222 1457 1269 1507; x_wconf 94' lang='grc' dir='ltr'><em>Ζ,</em></span> <span class='ocrx_word' id='word_1_175' title='bbox 1294 1457 1408 1495; x_wconf 79' lang='grc' dir='ltr'><em>ΔΗ·</em></span> <span class='ocrx_word' id='word_1_176' title='bbox 1449 1446 1520 1500; x_wconf 63' lang='grc' dir='ltr'><em>τὰέ</em></span> 
     </span>
     <span class='ocr_line' id='line_1_22' title="bbox 106 1515 1520 1581; baseline 0.001 -17"><span class='ocrx_word' id='word_1_177' title='bbox 106 1532 159 1563; x_wconf 73' lang='lat'><em>‘20</em></span> <span class='ocrx_word' id='word_1_178' title='bbox 185 1523 264 1564; x_wconf 84' lang='grc' dir='ltr'><em>ὅλα</em></span> <span class='ocrx_word' id='word_1_179' title='bbox 301 1524 384 1578; x_wconf 78' lang='grc' dir='ltr'><em>ἄρα</em></span> <span class='ocrx_word' id='word_1_180' title='bbox 421 1523 472 1564; x_wconf 79' lang='grc' dir='ltr'><em>τὰ</em></span> <span class='ocrx_word' id='word_1_181' title='bbox 502 1525 607 1576; x_wconf 90' lang='grc' dir='ltr'><em>ΑΒ,</em></span> <span class='ocrx_word' id='word_1_182' title='bbox 631 1525 722 1563; x_wconf 90' lang='grc' dir='ltr'><em>ΔΕ</em></span> <span class='ocrx_word' id='word_1_183' title='bbox 761 1523 869 1577; x_wconf 77' lang='grc' dir='ltr'><em>πρὸς</em></span> <span class='ocrx_word' id='word_1_184' title='bbox 905 1523 1067 1576; x_wconf 79' lang='grc' dir='ltr'><em>ἄλληλα</em></span> <span class='ocrx_word' id='word_1_185' title='bbox 1108 1524 1203 1576; x_wconf 75' lang='grc' dir='ltr'><em>ἤτοι</em></span> <span class='ocrx_word' id='word_1_186' title='bbox 1246 1525 1376 1576; x_wconf 90' lang='grc' dir='ltr'><em>λόγον</em></span> <span class='ocrx_word' id='word_1_187' title='bbox 1418 1515 1520 1581; x_wconf 46' lang='grc' dir='ltr'><em>ἕχει-ᾖξ’</em></span> 
     </span>
     <span class='ocr_line' id='line_1_23' title="bbox 184 1588 1520 1647; baseline 0 -13"><span class='ocrx_word' id='word_1_188' title='bbox 184 1591 432 1647; x_wconf 86' lang='grc' dir='ltr'><em>δεδομένον,</em></span> <span class='ocrx_word' id='word_1_189' title='bbox 457 1591 483 1645; x_wconf 80' lang='grc' dir='ltr'>ἢ</span> <span class='ocrx_word' id='word_1_190' title='bbox 509 1593 555 1633; x_wconf 90' lang='grc' dir='ltr'><em>τὸ</em></span> <span class='ocrx_word' id='word_1_191' title='bbox 574 1590 721 1647; x_wconf 77' lang='grc' dir='ltr'><em>ἕτερον</em></span> <span class='ocrx_word' id='word_1_192' title='bbox 745 1597 823 1632; x_wconf 88' lang='grc' dir='ltr'><em>τοῦ</em></span> <span class='ocrx_word' id='word_1_193' title='bbox 843 1589 990 1646; x_wconf 78' lang='grc' dir='ltr'><em>ἑτέρου</em></span> <span class='ocrx_word' id='word_1_194' title='bbox 1016 1590 1192 1633; x_wconf 84' lang='grc' dir='ltr'><em>δοθέντι</em></span> <span class='ocrx_word' id='word_1_195' title='bbox 1217 1594 1360 1646; x_wconf 85' lang='grc' dir='ltr'><em>μεῖζόν</em></span> <span class='ocrx_word' id='word_1_196' title='bbox 1385 1588 1520 1647; x_wconf 36' lang='grc' dir='ltr'><em>ε’στιίνξῑΚ</em></span> 
     </span>
    </p>

    <p class='ocr_par' dir='ltr' id='par_1_15' title="bbox 183 1653 1512 1732">
     <span class='ocr_line' id='line_1_24' title="bbox 183 1653 1512 1732; baseline 0.002 -29"><span class='ocrx_word' id='word_1_197' title='bbox 183 1660 210 1715; x_wconf 75' lang='grc' dir='ltr'><em>’ἢ</em></span> <span class='ocrx_word' id='word_1_198' title='bbox 243 1661 289 1704; x_wconf 83' lang='grc' dir='ltr'><em>ἐν</em></span> <span class='ocrx_word' id='word_1_199' title='bbox 320 1663 446 1718; x_wconf 79' lang='grc' dir='ltr'><em>λόγῳ.</em></span> <span class='ocrx_word' id='word_1_200' title='bbox 859 1718 869 1732; x_wconf 49' lang='grc' dir='ltr'><em>Ι</em></span> <span class='ocrx_word' id='word_1_201' title='bbox 1507 1653 1512 1659; x_wconf 47' lang='grc'><strong><em>’</em></strong></span> 
     </span>
    </p>

    <p class='ocr_par' dir='ltr' id='par_1_16' title="bbox 809 1735 1486 1775">
     <span class='ocr_line' id='line_1_25' title="bbox 809 1735 1486 1775; baseline 0.004 -3"><span class='ocrx_word' id='word_1_202' title='bbox 809 1735 851 1772; x_wconf 67' lang='grc' dir='ltr'><em>ιη</em></span> <span class='ocrx_word' id='word_1_203' title='bbox 873 1751 881 1760; x_wconf 94' lang='grc'><em>·</em></span> <span class='ocrx_word' id='word_1_204' title='bbox 1483 1773 1486 1775; x_wconf 19' lang='grc' dir='ltr'><strong>Α</strong></span> 
     </span>
    </p>

    <p class='ocr_par' dir='ltr' id='par_1_17' title="bbox 269 1797 1520 1856">
     <span class='ocr_line' id='line_1_26' title="bbox 269 1797 1520 1855; baseline -0.002 -13"><span class='ocrx_word' id='word_1_205' title='bbox 269 1799 367 1842; x_wconf 83' lang='grc' dir='ltr'><em>Ἐὰν</em></span> <span class='ocrx_word' id='word_1_206' title='bbox 409 1797 435 1843; x_wconf 62' lang='grc' dir='ltr'><em>τ’</em></span> <span class='ocrx_word' id='word_1_207' title='bbox 473 1802 570 1854; x_wconf 80' lang='grc' dir='ltr'><em>τρία</em></span> <span class='ocrx_word' id='word_1_208' title='bbox 605 1800 786 1855; x_wconf 87' lang='grc' dir='ltr'><em>μεγέθη,</em></span> <span class='ocrx_word' id='word_1_209' title='bbox 829 1800 876 1841; x_wconf 75' lang='grc' dir='ltr'><em>ἓν</em></span> <span class='ocrx_word' id='word_1_210' title='bbox 913 1798 960 1841; x_wconf 75' lang='grc' dir='ltr'><em>δὲ</em></span> <span class='ocrx_word' id='word_1_211' title='bbox 999 1800 1142 1842; x_wconf 83' lang='grc' dir='ltr'><em>αὐτῶν</em></span> <span class='ocrx_word' id='word_1_212' title='bbox 1178 1798 1380 1854; x_wconf 81' lang='grc' dir='ltr'><em>ἑκατέρου</em></span> <span class='ocrx_word' id='word_1_213' title='bbox 1415 1805 1520 1841; x_wconf 61' lang='grc' dir='ltr'><em>τῶν</em></span> 
     </span>
    </p>

    <p class='ocr_par' dir='ltr' id='par_1_18' title="bbox 107 1866 1515 1926">
     <span class='ocr_line' id='line_1_27' title="bbox 107 1866 1515 1926; baseline -0.001 -15"><span class='ocrx_word' id='word_1_214' title='bbox 107 1879 158 1911; x_wconf 76' lang='lat'>25</span> <span class='ocrx_word' id='word_1_215' title='bbox 185 1873 349 1912; x_wconf 85' lang='grc' dir='ltr'><em>λοιπῶν</em></span> <span class='ocrx_word' id='word_1_216' title='bbox 385 1869 563 1912; x_wconf 88' lang='grc' dir='ltr'><em>δοθέντι</em></span> <span class='ocrx_word' id='word_1_217' title='bbox 591 1872 734 1925; x_wconf 83' lang='grc' dir='ltr'><em>μεῖζον</em></span> <span class='ocrx_word' id='word_1_218' title='bbox 775 1866 803 1925; x_wconf 83' lang='grc' dir='ltr'><strong><em>ᾖ</em></strong></span> <span class='ocrx_word' id='word_1_219' title='bbox 839 1868 865 1923; x_wconf 79' lang='grc' dir='ltr'>ἢ</span> <span class='ocrx_word' id='word_1_220' title='bbox 903 1868 950 1911; x_wconf 83' lang='grc' dir='ltr'><em>ἐν</em></span> <span class='ocrx_word' id='word_1_221' title='bbox 985 1871 1118 1926; x_wconf 79' lang='grc' dir='ltr'><em>λόγῳ,</em></span> <span class='ocrx_word' id='word_1_222' title='bbox 1158 1870 1210 1911; x_wconf 86' lang='grc' dir='ltr'><em>τὰ</em></span> <span class='ocrx_word' id='word_1_223' title='bbox 1251 1869 1379 1911; x_wconf 84' lang='grc' dir='ltr'><em>λοιπὰ</em></span> <span class='ocrx_word' id='word_1_224' title='bbox 1421 1868 1515 1926; x_wconf 55' lang='grc' dir='ltr'><em>δύοῇ</em></span> 
     </span>
    </p>
   </div>
   <div class='ocr_carea' id='block_1_6' title="bbox 186 1953 459 1957">
    <p class='ocr_par' dir='ltr' id='par_1_19' title="bbox 186 1953 459 1957">
     <span class='ocr_line' id='line_1_28' title="bbox 186 1953 459 1957; baseline 0 0"><span class='ocrx_word' id='word_1_225' title='bbox 186 1953 459 1957; x_wconf 95' lang='lat' dir='ltr'><em> </em></span> 
     </span>
    </p>
   </div>
   <div class='ocr_carea' id='block_1_7' title="bbox 179 1991 1520 2320">
    <p class='ocr_par' dir='ltr' id='par_1_20' title="bbox 179 1991 1503 2320">
     <span class='ocr_line' id='line_1_29' title="bbox 279 1991 1499 2043; baseline -0.002 -13"><span class='ocrx_word' id='word_1_226' title='bbox 279 2000 309 2031; x_wconf 94' lang='lat'><em>4.</em></span> <span class='ocrx_word' id='word_1_227' title='bbox 337 1991 375 2043; x_wconf 84' lang='grc' dir='ltr'><em>ᾖ]</em></span> <span class='ocrx_word' id='word_1_228' title='bbox 403 2007 471 2031; x_wconf 85' lang='grc' dir='ltr'><em>οιιι.</em></span> <span class='ocrx_word' id='word_1_229' title='bbox 492 1997 551 2042; x_wconf 85' lang='grc' dir='ltr'><em>β(</em></span> <span class='ocrx_word' id='word_1_230' title='bbox 539 1997 625 2040; x_wconf 86' lang='lat' dir='ltr'>(non</span> <span class='ocrx_word' id='word_1_231' title='bbox 644 1998 689 2040; x_wconf 83' lang='lat' dir='ltr'><em>a).</em></span> <span class='ocrx_word' id='word_1_232' title='bbox 785 1998 816 2029; x_wconf 94' lang='lat'><em>5.</em></span> <span class='ocrx_word' id='word_1_233' title='bbox 843 1993 1008 2040; x_wconf 83' lang='grc' dir='ltr'><em>δοθέντι]</em></span> <span class='ocrx_word' id='word_1_234' title='bbox 1035 2005 1143 2039; x_wconf 78' lang='lat' dir='ltr'><strong>supra</strong></span> <span class='ocrx_word' id='word_1_235' title='bbox 1163 2005 1229 2029; x_wconf 84' lang='lat' dir='ltr'>scr.</span> <span class='ocrx_word' id='word_1_236' title='bbox 1250 2006 1296 2029; x_wconf 91' lang='lat' dir='ltr'><em>m.</em></span> <span class='ocrx_word' id='word_1_237' title='bbox 1318 1998 1336 2028; x_wconf 92' lang='lat'>1</span> <span class='ocrx_word' id='word_1_238' title='bbox 1357 1995 1388 2040; x_wconf 87' lang='grc' dir='ltr'><em>β.</em></span> <span class='ocrx_word' id='word_1_239' title='bbox 1467 1995 1499 2029; x_wconf 80' lang='grc'><em>’1.</em></span> 
     </span>
     <span class='ocr_line' id='line_1_30' title="bbox 185 2039 1498 2098; baseline -0.003 -21"><span class='ocrx_word' id='word_1_240' title='bbox 185 2042 260 2088; x_wconf 72' lang='grc' dir='ltr'><em>ἔχει</em></span> <span class='ocrx_word' id='word_1_241' title='bbox 284 2043 316 2088; x_wconf 88' lang='grc' dir='ltr'><em>β.</em></span> <span class='ocrx_word' id='word_1_242' title='bbox 414 2047 468 2078; x_wconf 88' lang='grc'><em>11.</em></span> <span class='ocrx_word' id='word_1_243' title='bbox 495 2042 514 2077; x_wconf 79' lang='grc' dir='ltr'>ἔ</span> <span class='ocrx_word' id='word_1_244' title='bbox 512 2043 581 2088; x_wconf 84' lang='grc' dir='ltr'><em>χει]</em></span> <span class='ocrx_word' id='word_1_245' title='bbox 608 2053 696 2079; x_wconf 82' lang='lat' dir='ltr'>corr.</span> <span class='ocrx_word' id='word_1_246' title='bbox 717 2052 761 2076; x_wconf 88' lang='lat' dir='ltr'><em>ex</em></span> <span class='ocrx_word' id='word_1_247' title='bbox 786 2041 846 2087; x_wconf 79' lang='grc' dir='ltr'><em>ἔχη</em></span> <span class='ocrx_word' id='word_1_248' title='bbox 872 2053 917 2076; x_wconf 91' lang='lat' dir='ltr'><em>m.</em></span> <span class='ocrx_word' id='word_1_249' title='bbox 938 2045 958 2075; x_wconf 84' lang='grc'>2</span> <span class='ocrx_word' id='word_1_250' title='bbox 978 2052 1011 2075; x_wconf 83' lang='lat' dir='ltr'><em>v.</em></span> <span class='ocrx_word' id='word_1_251' title='bbox 1085 2044 1158 2075; x_wconf 79' lang='lat'><strong>·12.</strong></span> <span class='ocrx_word' id='word_1_252' title='bbox 1183 2039 1351 2098; x_wconf 81' lang='grc' dir='ltr'><em>δοθέντι]</em></span> <span class='ocrx_word' id='word_1_253' title='bbox 1377 2051 1446 2075; x_wconf 89' lang='lat' dir='ltr'><em>om.</em></span> <span class='ocrx_word' id='word_1_254' title='bbox 1464 2050 1498 2075; x_wconf 82' lang='lat' dir='ltr'><em>v.</em></span> 
     </span>
     <span class='ocr_line' id='line_1_31' title="bbox 236 2054 1499 2146; baseline -0.002 -23"><span class='ocrx_word' id='word_1_255' title='bbox 236 2092 288 2123; x_wconf 87' lang='lat'><em>14.</em></span> <span class='ocrx_word' id='word_1_256' title='bbox 322 2088 400 2123; x_wconf 80' lang='grc' dir='ltr'><em>ἐπεὶ</em></span> <span class='ocrx_word' id='word_1_257' title='bbox 431 2088 499 2134; x_wconf 78' lang='grc' dir='ltr'><em>γὰρ</em></span> <span class='ocrx_word' id='word_1_258' title='bbox 512 2056 569 2124; x_wconf 73' lang='grc' dir='ltr'><em>χτὸ</em></span> <span class='ocrx_word' id='word_1_259' title='bbox 596 2089 687 2146; x_wconf 74' lang='grc' dir='ltr'><em>ΔΕ]</em></span> <span class='ocrx_word' id='word_1_260' title='bbox 725 2055 826 2135; x_wconf 59' lang='grc' dir='ltr'><em>ἀφῃξι</em></span> <span class='ocrx_word' id='word_1_261' title='bbox 825 2054 931 2131; x_wconf 77' lang='grc' dir='ltr'><em>’ήσθω</em></span> <span class='ocrx_word' id='word_1_262' title='bbox 960 2087 1000 2122; x_wconf 89' lang='grc' dir='ltr'><em>τὸ</em></span> <span class='ocrx_word' id='word_1_263' title='bbox 1032 2084 1148 2122; x_wconf 77' lang='grc' dir='ltr'><em>δοθὲν</em></span> <span class='ocrx_word' id='word_1_264' title='bbox 1174 2086 1330 2145; x_wconf 80' lang='grc' dir='ltr'><em>μέγεθος</em></span> <span class='ocrx_word' id='word_1_265' title='bbox 1353 2087 1392 2122; x_wconf 85' lang='grc' dir='ltr'><em>τὸ</em></span> <span class='ocrx_word' id='word_1_266' title='bbox 1417 2087 1499 2122; x_wconf 87' lang='lat' dir='ltr'><em>AZ</em></span> 
     </span>
     <span class='ocr_line' id='line_1_32' title="bbox 182 2129 1520 2179; baseline -0.002 -10"><span class='ocrx_word' id='word_1_267' title='bbox 182 2137 317 2170; x_wconf 83' lang='grc' dir='ltr'><em>λοιποῦ</em></span> <span class='ocrx_word' id='word_1_268' title='bbox 343 2135 415 2179; x_wconf 75' lang='grc' dir='ltr'><em>ἄρα</em></span> <span class='ocrx_word' id='word_1_269' title='bbox 438 2141 502 2171; x_wconf 89' lang='grc' dir='ltr'><em>τοῦ</em></span> <span class='ocrx_word' id='word_1_270' title='bbox 531 2138 593 2170; x_wconf 89' lang='grc' dir='ltr'><em>ΖΒ</em></span> <span class='ocrx_word' id='word_1_271' title='bbox 624 2147 715 2178; x_wconf 80' lang='grc' dir='ltr'><em>προς</em></span> <span class='ocrx_word' id='word_1_272' title='bbox 738 2134 777 2169; x_wconf 86' lang='grc' dir='ltr'><em>τὸ</em></span> <span class='ocrx_word' id='word_1_273' title='bbox 805 2137 838 2168; x_wconf 93' lang='grc' dir='ltr'>Γ</span> <span class='ocrx_word' id='word_1_274' title='bbox 863 2133 967 2178; x_wconf 80' lang='grc' dir='ltr'><em>λόγος</em></span> <span class='ocrx_word' id='word_1_275' title='bbox 997 2133 1069 2168; x_wconf 82' lang='grc' dir='ltr'><em>ἐστὶ</em></span> <span class='ocrx_word' id='word_1_276' title='bbox 1101 2132 1237 2174; x_wconf 87' lang='grc' dir='ltr'><em>δοθεις.</em></span> <span class='ocrx_word' id='word_1_277' title='bbox 1287 2132 1397 2168; x_wconf 85' lang='grc' dir='ltr'><em>παλιν</em></span> <span class='ocrx_word' id='word_1_278' title='bbox 1422 2129 1520 2167; x_wconf 75' lang='grc' dir='ltr'><em>ἐπεὶ</em></span> 
     </span>
     <span class='ocr_line' id='line_1_33' title="bbox 183 2178 1500 2226; baseline -0.003 -10"><span class='ocrx_word' id='word_1_279' title='bbox 183 2181 227 2215; x_wconf 83' lang='grc' dir='ltr'><em>τὸ</em></span> <span class='ocrx_word' id='word_1_280' title='bbox 256 2183 327 2216; x_wconf 88' lang='grc' dir='ltr'><em>ΕΔ</em></span> <span class='ocrx_word' id='word_1_281' title='bbox 353 2193 384 2216; x_wconf 83' lang='lat' dir='ltr'><em>a.</em></span> <span class='ocrx_word' id='word_1_282' title='bbox 483 2185 535 2216; x_wconf 86' lang='lat'><em>16.</em></span> <span class='ocrx_word' id='word_1_283' title='bbox 562 2180 624 2216; x_wconf 83' lang='grc' dir='ltr'><em>διά</em></span> <span class='ocrx_word' id='word_1_284' title='bbox 650 2202 693 2208; x_wconf 92' lang='grc'>-</span> <span class='ocrx_word' id='word_1_285' title='bbox 720 2184 772 2215; x_wconf 84' lang='grc'><em>17.</em></span> <span class='ocrx_word' id='word_1_286' title='bbox 799 2178 876 2226; x_wconf 80' lang='grc' dir='ltr'><strong>καί]</strong></span> <span class='ocrx_word' id='word_1_287' title='bbox 903 2191 971 2214; x_wconf 88' lang='grc' dir='ltr'><em>οιιι.</em></span> <span class='ocrx_word' id='word_1_288' title='bbox 997 2190 1029 2214; x_wconf 87' lang='lat' dir='ltr'><em>a.</em></span> <span class='ocrx_word' id='word_1_289' title='bbox 1107 2183 1159 2214; x_wconf 88' lang='grc'><em>16.</em></span> <span class='ocrx_word' id='word_1_290' title='bbox 1185 2179 1231 2214; x_wconf 86' lang='grc' dir='ltr'><em>τὰ</em></span> <span class='ocrx_word' id='word_1_291' title='bbox 1255 2178 1363 2226; x_wconf 75' lang='grc' dir='ltr'><em>αὐτοὶ]</em></span> <span class='ocrx_word' id='word_1_292' title='bbox 1387 2183 1500 2214; x_wconf 82' lang='grc' dir='ltr'><em>ταῦτα</em></span> 
     </span>
     <span class='ocr_line' id='line_1_34' title="bbox 183 2225 1516 2275; baseline -0.002 -13"><span class='ocrx_word' id='word_1_293' title='bbox 183 2227 272 2262; x_wconf 77' lang='lat' dir='ltr'><strong>Vat.</strong></span> <span class='ocrx_word' id='word_1_294' title='bbox 371 2231 423 2262; x_wconf 80' lang='lat'><em>17.</em></span> <span class='ocrx_word' id='word_1_295' title='bbox 453 2229 530 2275; x_wconf 92' lang='grc' dir='ltr'><em>ΖΒ]</em></span> <span class='ocrx_word' id='word_1_296' title='bbox 560 2230 592 2262; x_wconf 92' lang='grc' dir='ltr'>Γ</span> <span class='ocrx_word' id='word_1_297' title='bbox 612 2238 644 2262; x_wconf 88' lang='lat' dir='ltr'><em>a.</em></span> <span class='ocrx_word' id='word_1_298' title='bbox 743 2227 791 2273; x_wconf 92' lang='grc' dir='ltr'><em>Γ]</em></span> <span class='ocrx_word' id='word_1_299' title='bbox 820 2229 882 2261; x_wconf 89' lang='grc' dir='ltr'><em>ΖΒ</em></span> <span class='ocrx_word' id='word_1_300' title='bbox 907 2237 938 2261; x_wconf 83' lang='lat' dir='ltr'><em>a.</em></span> <span class='ocrx_word' id='word_1_301' title='bbox 1035 2229 1088 2260; x_wconf 86' lang='grc'><em>18.</em></span> <span class='ocrx_word' id='word_1_302' title='bbox 1116 2225 1203 2271; x_wconf 79' lang='grc' dir='ltr'><strong>ἄρα]</strong></span> <span class='ocrx_word' id='word_1_303' title='bbox 1229 2237 1297 2261; x_wconf 90' lang='grc' dir='ltr'><em>οιιι.</em></span> <span class='ocrx_word' id='word_1_304' title='bbox 1318 2237 1350 2261; x_wconf 85' lang='lat' dir='ltr'><em>a.</em></span> <span class='ocrx_word' id='word_1_305' title='bbox 1439 2226 1516 2260; x_wconf 80' lang='grc' dir='ltr'><em>δο-</em></span> 
     </span>
     <span class='ocr_line' id='line_1_35' title="bbox 179 2267 1193 2320; baseline -0.002 -12"><span class='ocrx_word' id='word_1_306' title='bbox 179 2272 285 2320; x_wconf 55' lang='lat' dir='ltr'><em>mis]</em></span> <span class='ocrx_word' id='word_1_307' title='bbox 311 2285 379 2309; x_wconf 91' lang='lat' dir='ltr'><em>om.</em></span> <span class='ocrx_word' id='word_1_308' title='bbox 407 2286 437 2308; x_wconf 82' lang='lat' dir='ltr'><em>a.</em></span> <span class='ocrx_word' id='word_1_309' title='bbox 535 2278 588 2309; x_wconf 86' lang='grc'><em>20.</em></span> <span class='ocrx_word' id='word_1_310' title='bbox 614 2273 674 2319; x_wconf 77' lang='grc' dir='ltr'><em>τά]</em></span> <span class='ocrx_word' id='word_1_311' title='bbox 701 2284 768 2308; x_wconf 88' lang='lat' dir='ltr'><em>om.</em></span> <span class='ocrx_word' id='word_1_312' title='bbox 795 2284 826 2308; x_wconf 83' lang='lat' dir='ltr'><em>a.</em></span> <span class='ocrx_word' id='word_1_313' title='bbox 922 2267 1040 2318; x_wconf 60' lang='lat'>25:1⁷1]</span> <span class='ocrx_word' id='word_1_314' title='bbox 1067 2282 1135 2307; x_wconf 86' lang='grc' dir='ltr'><em>οιιι.</em></span> <span class='ocrx_word' id='word_1_315' title='bbox 1162 2273 1193 2318; x_wconf 90' lang='grc' dir='ltr'><em>β.</em></span> 
     </span>
    </p>
   </div>
  </div>
 </body>
</html>
