1520 2508
22 0 115 50 Ψ

650 102 789 136 DATA.
1339 97 1394 139 79

50 205 195 250 EA>
211 203 246 243 Z
277 199 424 255 [V7163
449 197 502 254 V,
523 197 609 252 14].
658 199 831 253 aptetur
855 199 998 239 rectae
1020 198 1055 237 Z
1088 194 1278 250 aequalis
1299 196 1402 236 AH

52 271 144 329 [IV‚
164 271 222 327 1],
251 274 295 313 et
319 270 500 312 ducatur
519 271 624 323 HE,
655 271 698 309 et
724 270 873 310 centro
894 271 949 322 A,
980 266 1101 309 radio
1133 269 1280 308 autem
1299 269 1343 307 A
1350 267 1403 306 H

52 342 230 387 circulus
272 340 538 383 describatur
585 341 742 380 ΘΗΚ.
822 338 969 394 itaque
1019 337 1204 380 circulus
1252 337 1401 378 ΘΗΚ

53 415 173 458 datus
203 415 269 456 est
299 411 514 468 positione
548 409 648 465 [def.
676 409 740 465 6];
783 424 884 451 nam
917 409 1067 451 datum
1093 411 1159 450 est
1185 407 1276 449 eius
1303 421 1398 449 cen-

51 489 164 528 trum
200 483 414 539 positione
453 484 496 524 et
527 481 672 523 radius
711 479 1019 536 magnitudine.
1083 494 1234 521 uerum
1266 477 1398 520 etiam

53 554 340 599 semicirculus
360 555 463 595 AH
465 555 506 595 E
521 551 739 608 positione
761 552 887 593 datus
908 554 985 593 est.
1023 550 1170 605 itaque
1189 552 1398 605 punctum

161 1053 197 1088 Δ
459 1034 478 1058 ⁴
595 1060 643 1092 K
715 1060 758 1092 E
783 1058 859 1091 ΖΒ
1247 1028 1290 1086 ιΓ

50 1146 102 1187 Η
144 1145 290 1187 datum
339 1147 404 1186 est
449 1144 588 1200 [prop.
627 1143 782 1198 XXV]
865 1143 939 1185 sed
989 1142 1120 1185 etiam
1167 1144 1398 1196 utrumque

51 1218 256 1271 punctum
287 1219 343 1271 A,
367 1218 409 1258 E
443 1216 593 1257 datum
626 1218 703 1256 est.
764 1214 911 1269 itaque
947 1227 1228 1268 unaquaeque
1263 1215 1398 1254 recta-

50 1299 145 1327 rum
174 1288 275 1341 HA,
298 1289 398 1341 ΔΕ,
424 1288 522 1327 ΕΗ
547 1285 762 1341 positione
795 1287 838 1326 et
870 1284 1168 1340 magnitudine
1200 1284 1300 1325 data
1331 1286 1398 1325 est

52 1355 186 1412 [prop.
211 1355 387 1412 XXVI]
438 1370 541 1412 ergo
573 1355 818 1411 triangulus
844 1357 984 1397 HAE
1012 1355 1138 1396 datus
1165 1357 1231 1396 est
1257 1354 1398 1409 specie

53 1426 188 1483 [prop.
224 1426 439 1482 XXXIX]
518 1427 606 1469 iam
651 1426 855 1480 quoniam
904 1426 988 1468 duo
1038 1425 1247 1482 trianguli
1297 1427 1399 1467 sunt

51 1500 200 1554 ΑΒΓ,
227 1500 376 1540 ΔΕΗ
411 1513 546 1540 unum
590 1497 795 1553 angulum
842 1497 917 1539 uni
964 1497 1124 1553 angulo
1175 1496 1398 1551 aequalem

51 1567 274 1625 habentes,
317 1574 343 1619 L
364 1571 571 1611 BAF=
593 1571 739 1611 AHE
768 1568 873 1624 [III‚
905 1567 1000 1624 31],
1044 1570 1087 1609 et
1118 1567 1255 1609 latera
1286 1567 1395 1609 alios

53 1638 157 1680 duos
184 1639 363 1696 angulos
391 1642 527 1694 FBA,
548 1642 697 1681 ΕΔΗ
723 1638 1131 1694 comprehendentia
1155 1638 1399 1694 proportio-

51 1709 166 1751 nalia
195 1713 238 1752 et
266 1710 453 1765 reliquos
487 1710 667 1767 angulos
695 1712 833 1765 ΒΓΑ,
863 1712 1012 1752 AEH
1041 1709 1236 1765 singulos
1269 1708 1399 1751 simul

53 1779 236 1823 minores
267 1784 384 1823 recto
417 1781 474 1837 [I‚
507 1781 600 1837 17]‚
637 1781 719 1823 erit
749 1780 795 1825 Δ
816 1782 1183 1823 ΑΒΓΝΔΕΗ
1209 1779 1308 1835 [VI‚
1341 1779 1398 1834 7].

55 1850 127 1891 sed
156 1850 366 1894 ΔΛΕΗ
404 1851 528 1893 datus
572 1854 638 1893 est
677 1851 827 1907 specie.
897 1865 1000 1908 ergo
1040 1851 1171 1893 etiam
1202 1850 1247 1894 Δ
1268 1852 1409 1892 ΑΒΓ

56 1920 178 1962 datus
210 1924 274 1963 est
305 1921 444 1977 specie
476 1921 576 1977 [def.
604 1921 661 1976 3]

645 2027 798 2070 XLIV.

144 2099 190 2143 Si
214 2101 452 2158 triangulus
477 2111 611 2146 unum
637 2105 845 2160 angulum
873 2105 1023 2146 datum
1042 2104 1175 2146 habet
1202 2107 1244 2146 et
1263 2104 1401 2146 latera

56 2171 187 2213 alium
236 2173 438 2229 angulum
481 2175 888 2230 comprehendentia
938 2175 1053 2217 inter
1100 2190 1144 2217 se
1187 2175 1398 2217 rationem

54 2241 214 2285 habent
245 2243 400 2300 datam,
429 2245 673 2301 triangulus
706 2247 832 2287 datus
865 2249 931 2288 est
964 2246 1116 2301 specie.

147 2334 188 2368 In
213 2334 242 2369 P
267 2338 303 2370 K
325 2338 490 2374 centrum
515 2340 572 2373 est
598 2338 831 2373 semicirculi.
