1520 2508
96 949 139 980 10

92 1639 136 1670 20

165 85 247 126 106
692 87 957 122 AEAOMENA.

1465 118 1520 156 Ι

164 181 240 221 καί
273 178 361 220 ἐστι
397 180 445 220 τὸ
482 183 524 220 Α
533 181 574 220 Γ
610 177 745 221 δοθὲν
786 186 845 237 τῷ
887 179 1074 235 μεγέθει
1124 181 1360 224 ὑπόκειται
1379 185 1485 240 7⁰²0*
1518 172 1520 220 ³

165 249 317 290 λοιπὸν
355 250 438 302 άρα
473 248 521 288 τὸ
552 250 640 290 ΚΘ
682 248 818 290 δοθέν
855 249 943 291 ἐστι
982 256 1040 307 τῷ
1072 250 1256 304 μεγέθει.
1315 253 1403 294 ἔστι
1432 248 1484 302 BQ

164 316 235 358 καὶ
265 324 324 373 τῷ
357 318 461 358 εἴδει
492 316 645 359 δοθέ·ν
678 318 829 372 ὅμοιον
853 319 934 374 γάρ
961 318 1049 361 ἐστι
1079 326 1139 376 τῷ
1167 322 1262 361 ΓΔ·
1293 326 1371 362 τοῦ
1398 311 1488 370 &K

165 387 249 440 ἄρα
292 359 520 440 δεδομέναι
556 385 666 428 εἰσὶν
708 388 756 428 αι
788 391 988 443 πλευραί·
1032 389 1214 430 δοθεῖσα
1251 391 1333 444 ἄρα
1366 386 1486 446 ἑστὶῄ

164 454 189 507 ἡ
221 457 326 496 ΚΓ·
363 457 439 496 καί
466 454 583 497 ἐστιν
614 460 684 510 ἴση
715 463 765 511 τῇ
796 460 896 498 ΕΒ·
935 458 1116 500 δοθεῖσα
1147 459 1230 513 ἄρα
1261 458 1376 500 ἐστὶν
1410 455 1487 504 uoci?

165 523 190 576 ἡ
222 527 317 565 ΕΒ.
377 526 466 566 ἔστι
504 523 551 566 δε
580 523 651 566 καὶ
682 525 707 579 ἡ
739 529 821 567 ΕΔ
851 527 1047 568 δοθεῖσα·
1084 525 1155 568 καὶ
1186 529 1312 581 λοιπὴ
1343 529 1425 584 άρα
1452 524 1483 583 Q

166 595 248 634 BA
279 594 460 635 δοθεῖσά
491 593 618 636 ἐστιν.
679 593 751 636 καὶ
782 597 909 648 λόγος
938 602 1013 649 τῆς
1042 599 1125 637 ΒΔ
1155 597 1263 649 πρὸς
1292 598 1371 651 τὴν
1401 596 1488 658 BP}

165 663 330 711 δοθείς·
368 664 548 705 δοθεῖσα
579 665 662 717 άρα
693 663 781 706 ἐστὶ
812 663 883 706 καὶ
913 665 939 718 ἡ
972 667 1062 706 ΒΓ.

777 847 868 889 νθ’.

248 938 347 980 Ἐὰν
375 937 509 984 δοθὲν
534 940 648 994 παρὰ
679 941 889 981 δοθεῖσαν
918 943 1178 996 παραβληθῇ
1209 941 1481 996 ὑπερβάλλον,

164 1008 268 1049 εἴδει
299 1008 530 1065 δεδομένῳ,
562 1008 734 1050 δέδοται
765 1010 816 1050 τὰ
846 1010 983 1063 πλάτη
1015 1015 1090 1063 τῆς
1118 1010 1371 1065 ὑπερβολῆς.

249 1075 384 1118 δοθὲν
419 1078 501 1133 γὰρ
539 1079 587 1118 τὸ
619 1080 704 1119 ΑΒ
740 1078 856 1133 παρὰ
887 1079 1089 1120 δοδεῖσαν
1118 1080 1197 1133 τὴν
1227 1083 1269 1120 Α
1278 1082 1319 1120 Γ
1346 1093 1478 1134 παρα-

161 1147 391 1199 βεβλήσθω
427 1146 700 1202 ὑπερβάλλον
736 1148 841 1188 εἴδει
877 1147 1092 1204 δεδομένῳ
1127 1154 1186 1204 τῷ
1219 1150 1315 1189 ΓΒ·
1358 1147 1496 1203 λέγω,χ

163 1215 228 1256 ὅτι
259 1216 442 1257 δοθεῖσά
473 1216 590 1257 ἐστιν
622 1215 798 1271 ἑκατέρα
828 1224 914 1258 τῶν
948 1219 1040 1270 ΘΓ,
1067 1219 1156 1258 ΓΕ.

248 1286 473 1338 τετμήσθω
504 1286 586 1340 γὰρ
619 1286 718 1339 δίχα
748 1285 783 1339 ἡ*
800 1289 892 1327 ΔΕ
919 1287 1025 1327 κατὰ
1050 1287 1097 1327 τὸ
1125 1289 1160 1327 Ζ
1191 1294 1379 1340 σημεῖον,
1409 1271 1499 1327 καὶ,

163 1352 483 1408 ἀναγεγράφθω
515 1354 597 1396 ἀπὸ
629 1361 704 1408 τῆς
734 1357 815 1396 ΕΖ
845 1361 904 1411 τῷ
939 1357 1017 1396 ΓΒ
1049 1355 1198 1409 ὅμοιον
1228 1354 1299 1396 καὶ
1325 1355 1478 1408 ὁμοίως

162 1425 359 1476 κείμενον
389 1424 437 1464 τὸ
471 1426 579 1464 ΖΗ·
610 1423 707 1478 περὶ
738 1425 817 1477 τὴν
849 1424 985 1478 αὐτὴν
1016 1425 1099 1479 ἄρα
1131 1425 1361 1478 διάμετρόν
1392 1423 1477 1465 ἐστι

160 1492 208 1533 τὸ
242 1495 335 1533 ΖΗ
359 1499 418 1548 τῷ
451 1495 541 1534 ΓΒ.
589 1494 712 1546 ἤχθω
744 1493 888 1534 αὐτῶν
919 1493 1144 1549 διάμετρος
1173 1493 1198 1546 ἡ
1228 1496 1379 1546 &EM
1409 1491 1476 1534 καὶ

160 1562 505 1616 καταγεγράφθω
537 1563 585 1604 τὸ
617 1569 765 1616 σχῆμα,
815 1561 886 1604 καὶ
918 1562 1007 1604 ἐπεὶ
1038 1563 1188 1617 ὅμοιόν
1214 1562 1302 1603 ἐστι
1326 1563 1373 1603 τὸ
1401 1564 1476 1603 ΓΒ

161 1635 220 1686 τῷ
254 1632 354 1683 ΖΗ,
387 1629 558 1671 δέδοται
591 1629 637 1672 δὲ
668 1632 715 1672 τὸ
746 1633 823 1672 ΓΒ
854 1638 912 1688 τῷ
945 1631 1063 1684 εἴδει,
1094 1630 1264 1672 δέδοται
1296 1632 1378 1686 ἄρα
1407 1629 1476 1672 καὶ

161 1699 209 1740 τὸ
248 1701 342 1740 ΖΗ
377 1705 436 1755 τῷ
479 1701 601 1740 εἴδει·
649 1699 720 1741 καὶ
764 1699 1080 1755 ἀναγέγραπται
1123 1699 1205 1741 ἀπὸ
1249 1699 1477 1753 δεδομένης

160 1767 334 1817 εὐθείας
363 1774 439 1822 τῆς
470 1771 570 1809 ΖΕ·
605 1766 740 1810 δοθὲν
770 1770 854 1823 ἄρα
885 1768 973 1810 ἐστὶ
1003 1770 1051 1810 τὸ
1085 1771 1182 1810 ΖΗ
1205 1775 1263 1825 τῷ
1295 1767 1475 1822 μεγέθει.

161 1838 250 1878 ἔστι
281 1835 329 1878 δὲ
357 1837 429 1879 καὶ
459 1838 507 1879 τὸ
540 1842 581 1878 A
589 1840 625 1878 Β
657 1837 808 1879 δοθέν·
846 1837 1034 1879 δοθέντα
1064 1839 1147 1893 ἄρα
1179 1836 1267 1879 ἐστὶ
1297 1838 1348 1878 τὰ
1379 1840 1475 1890 ΑΒ,

163 1909 260 1947 ZH.
320 1909 396 1948 καί
430 1907 546 1948 ἐστιν
585 1911 655 1948 ἴσα
685 1914 743 1963 τῷ
775 1909 874 1948 ΚΛ·
918 1905 1053 1948 δοθὲν
1083 1908 1166 1962 ἄρα
1197 1906 1285 1949 ε’στὶ
1316 1907 1364 1948 τὸ
1396 1909 1476 1948 ΚΛ

253 2082 283 2111 1.
310 2081 358 2123 τῷ
385 2098 427 2103 —-
454 2076 538 2122 γάρ]
565 2088 633 2111 om.
660 2077 694 2112 b
804 2081 834 2111 2.
870 2077 942 2111 ἔστι
966 2075 1022 2123 δέ]
1050 2088 1117 2112 om.
1144 2077 1178 2111 b.
1287 2080 1318 2111 3.
1345 2074 1474 2122 δοθέν]

161 2134 228 2158 om
254 2123 289 2157 b.
396 2127 445 2170 τῷ
467 2123 574 2179 (alt.)]
599 2123 640 2158 τό
666 2124 700 2158 b
822 2127 850 2158 7
885 2123 943 2158 §a
946 2122 981 2158 ιν
1005 2135 1038 2158 v
1148 2124 1239 2169 ΒΓ]
1269 2122 1498 2157 ΖΗΒΓΡ.
1502 2115 1503 2118 ’

207 2174 259 2203 11.
292 2170 381 2203 Post
406 2159 519 2214 δἐδομ
521 2168 591 2216 ένῳ
617 2170 699 2204 add
727 2173 775 2216 τῷ
802 2168 891 2204 εἴδει
915 2170 998 2204 Vat.
1008 2182 1040 2204 v
1155 2173 1207 2204 13.
1243 2170 1323 2215 ΓΒ]
1353 2171 1414 2204 ΓΔ
1438 2168 1471 2203 b.

160 2215 398 2296 οΙΠ1’ἵ.]0ἰτό]τ
613 2218 666 2250 18.
699 2205 835 2261 αὐτῶν]
861 2216 974 2251 αὐτοῦ
1001 2228 1032 2250 v.
1153 2219 1208 2250 22
1240 2218 1288 2261 τῷ
1313 2207 1510 2260 μεγέθει]
