1520 2508
118 956 160 986 10

119 1299 160 1330 15

118 1643 162 1675 20

183 116 267 157 110
710 115 976 149 ΔΕΔΟΜΕΝΑ.

269 209 359 252 ἐπεὶ
402 210 484 264 γὰρ
528 207 663 252 δοθέν
707 208 796 250 ἐστι
838 209 886 249 τὸ
923 210 1034 261 ΑΗ,
1078 204 1130 249 οὗ
1172 207 1195 249 ὁ
1231 209 1442 250 ΕΓΒΔΖ
1463 190 1499 245 :³³

181 281 368 333 γνώμων
398 279 547 327 δοθείς
572 278 704 332 ἐστιν,
733 278 885 319 λοιπὸν
909 278 992 332 ἄρα
1016 277 1064 318 τὸ
1090 280 1132 318 A
1139 279 1175 317 Β
1207 275 1341 318 δοθέν
1365 276 1451 319 ἐστι

182 348 290 390 ἀλλὰ
320 347 392 389 καὶ
423 354 481 404 τῷ
513 348 635 389 εἶδεν
666 353 745 388 τοῦ
769 349 854 389 ΛΒ
885 347 968 401 ἄρα
997 346 1046 387 αὗ
1069 344 1250 400 πλευραὶ
1274 346 1374 387 δεδο
1418 345 1428 360 ’
1488 387 1497 390 ,Α

183 419 309 459 εἰσίν·
342 418 524 459 δοθεῖσα
554 417 638 471 ἄρα
669 415 786 458 ε’στὶν
817 414 992 470 ἑκατέρα
1022 422 1110 456 τῶν
1142 417 1232 468 ΓΑ,
1256 418 1352 456 ΛΔ,
1411 415 1481 456 ἕσ

184 484 231 528 δὲ
261 485 332 527 καὶ
364 484 539 541 ἑκατέρα
569 492 657 526 τῶν
686 488 787 537 ΕΑ,
813 489 854 526 Λ
863 487 899 527 Ζ
929 486 1126 525 δοθεῖσα·
1158 482 1230 525 καὶ
1261 485 1386 537 λοιπὴ
1415 500 1482 541 οιμ1

185 554 360 610 ἑκατέρα
390 562 477 596 τῶν
507 557 602 608 ΕΓ,
628 557 715 595 ΛΖ
747 554 928 608 δοθεῖσα
959 553 1086 597 ἐστιν.

1481 654 1517 678 ἱ

807 725 885 775 ξα’.
1475 690 1493 726 ἦ

269 807 367 850 Ἐὰν
410 807 646 862 δεδομένου
688 814 746 864 τῷ
791 808 894 849 εἴδει
937 807 1080 855 εἴδους
1122 806 1237 861 παρὰ
1278 807 1381 859 μίαν
1415 802 1496 861 ‘cdvi

184 881 385 933 πλευρῶν
400 878 847 932 παραλληλόγραμμον
860 878 1019 931 χωρίον
1043 877 1303 930 παραβληθῇ
1324 873 1370 916 ἐν
1382 874 1496 922 δεδοὲ

185 946 290 1002 μένῃ
322 948 471 1002 γωνία,
502 947 575 1000 ἔχῃ
607 943 654 987 δὲ
684 946 732 987 τὸ
763 942 878 995 εἶδος
906 946 1014 1000 πρὸς
1044 945 1091 985 τὸ
1122 945 1496 1003 παραλληλόγραμξ

185 1030 269 1069 μον
305 1017 437 1068 λόγον
474 1014 727 1069 δεδομένον,
771 1014 944 1056 δέδοται
979 1015 1027 1055 τὸ
1058 1014 1506 1068 παραλληλόγραμμοφ

185 1090 244 1140 τῷ
279 1085 396 1126 εῖδει.

273 1153 508 1207 δεδομένου
545 1153 627 1207 γὰρ
665 1158 723 1208 τῷ
756 1152 859 1193 εἰδει
896 1153 1039 1200 εἴδους
1074 1157 1151 1192 τοῦ
1182 1152 1355 1192 ΑΖΓΒ
1389 1149 1504 1207 παρὰ

186 1224 290 1277 μίαν
320 1230 407 1263 τῶν
437 1225 636 1277 πλευρῶν
661 1222 741 1275 τὴν
767 1223 845 1262 ΓΒ
875 1221 1321 1275 παραλληλόγραμμον
1345 1220 1506 1277 χωρίοις1

185 1292 531 1346 παραβεβλήσθω
563 1291 611 1331 τὸ
638 1292 717 1331 ΓΛ
748 1289 795 1330 ἐν
825 1288 1032 1343 δεδομένῃ
1064 1290 1200 1344 γωνίᾳ
1229 1294 1280 1343 τῇ
1310 1287 1394 1329 ὑπὸ
1418 1293 1501 1329 τῶν

188 1363 335 1410 ΛΓΒ,
377 1361 504 1412 λόγος
546 1357 594 1400 δὲ
631 1360 736 1400 ἔστω
774 1363 852 1399 τοῦ
888 1360 980 1399 ΑΓ
1015 1358 1159 1406 εἴδους
1199 1358 1307 1411 πρὸς
1341 1357 1389 1398 τὸ
1426 1351 1501 1400 M

186 1430 634 1483 παραλληλόγραμμον
671 1427 837 1475 δοθείς·
880 1425 1008 1479 λέγω,
1046 1426 1112 1467 ὅτι
1143 1425 1313 1467 δέδοται
1348 1425 1396 1466 τὸ
1428 1425 1500 1468 ΓΔ

187 1504 246 1555 τῷ
281 1499 397 1539 εἴδει.

273 1567 396 1620 ἤχθω
422 1566 503 1620 γὰρ
530 1566 602 1606 διὰ
627 1563 705 1619 μὲν
723 1570 801 1605 τοῦ
822 1567 858 1605 Β
883 1570 934 1619 τῇ
957 1566 1042 1605 ΖΓ
1064 1563 1336 1618 παράλληλος
1359 1561 1384 1614 ἡ
1404 1561 1501 1617 3113

188 1636 260 1677 διὰ
291 1632 339 1676 δὲ
368 1640 446 1676 τοῦ
479 1637 513 1675 Ζ
544 1640 595 1689 τῇ
623 1636 702 1675 ΓΒ
731 1633 1004 1689 παράλληλος
1033 1632 1059 1685 ἡ
1088 1634 1187 1685 ΖΗ,
1216 1630 1288 1672 καὶ
1319 1631 1500 1684 διήχθω-

188 1715 270 1746 σαν
300 1705 349 1745 αί
378 1706 469 1757 ΖΓ
494 1706 584 1744 ΗΒ
616 1701 685 1744 ε’πὶ
715 1703 767 1743 τὰ
801 1705 850 1755 Θ,
875 1705 920 1742 Κ
947 1709 1109 1756 σημεῖα.

275 1771 365 1815 ἐπεὶ
407 1771 589 1813 δοθεῖσα
625 1771 743 1812 ἐστιν
785 1770 811 1823 ἡ
850 1770 934 1812 ὑπὸ
971 1777 1059 1811 τῶν
1099 1771 1221 1810 ΖΓΒ
1258 1769 1394 1821 γωνια
1434 1755 1503 1815 καὶ

188 1844 316 1895 λόγος
347 1839 436 1883 ἐστὶ
466 1846 541 1895 τῆς
572 1842 658 1881 ΖΓ
686 1841 794 1894 πρὸς
823 1840 902 1893 τὴν
936 1841 1013 1880 ΓΒ
1051 1839 1218 1891 δοθείς,
1261 1834 1395 1878 δοθὲν
1424 1834 1506 1894 bioQ

189 1912 236 1953 τὸ
274 1914 354 1952 ΖΒ
391 1911 839 1966 παραλληλόγραμμον
874 1914 932 1964 τῷ
970 1908 1085 1949 εἴδει.
1159 1905 1330 1947 δέδοται
1367 1902 1414 1946 δὲ
1446 1898 1509 2027 v}

285 2062 315 2091 1.
343 2054 401 2103 οὗ]
428 2054 478 2092 ὧν
503 2057 538 2091 b.
611 2060 642 2091 4.
670 2054 781 2102 ἐστίν]
808 2067 877 2090 om.
892 2055 976 2090 vat.
1051 2053 1146 2111 ἔστιν
1165 2065 1198 2088 v,
1283 2056 1313 2087 5.
1339 2049 1402 2087 καί
1414 2025 1518 2345 (23

190 2125 234 2130 —
262 2107 292 2138 6.
320 2103 392 2138 ἐστι
380 2104 454 2161 ιν]
458 2114 527 2138 om.
552 2103 587 2137 b.
684 2105 739 2140 ;.8
765 2105 820 2148 τῷ
846 2100 951 2146 εἴδει]
978 2100 1107 2134 omn).
1228 2102 1258 2133 9.
1284 2099 1445 2141 παραλλη

190 2150 372 2195 γραμμον]
397 2147 575 2194 τρίγωνον
594 2160 627 2192 v,
654 2159 743 2183 corr
764 2159 810 2182 m.
831 2151 863 2191 2,
890 2148 927 2181 et
953 2146 1004 2180 sic
1030 2145 1162 2180 deinde
1186 2155 1252 2189 per
1275 2145 1393 2179 totam
1410 2143 1435 2177 h

1499 2334 1508 2359 ἱ

190 2198 228 2230 et
253 2206 326 2238 seq.
352 2206 496 2239 propos»
572 2198 624 2229 10.
653 2194 689 2239 ἔχ
691 2195 730 2240 ῃ]
758 2193 794 2239 ἔχ
798 2205 830 2228 ει
853 2175 937 2227 'Vah
946 2204 979 2227 v.
1051 2203 1078 2226 π
1081 2191 1143 2235 ρὸς
1166 2190 1222 2237 τό]
1248 2202 1316 2225 om.
1343 2189 1377 2224 b.
1449 2190 1467 2222 1

189 2244 238 2287 τῷ
266 2240 370 2286 εἴδει]
398 2252 466 2275 om.
492 2241 527 2275 b.
614 2244 666 2275 16.
669 2207 815 2285 zAI'B]
842 2241 940 2273 ΒΓΑ
965 2238 999 2272 b.
1086 2237 1187 2283 ἔστω]
1214 2236 1287 2271 ἐστι
1310 2236 1345 2270 b.
1415 2237 1444 2268 A

190 2290 294 2321 ΑΓΒ
319 2299 352 2331 v,
378 2290 442 2321 AB
467 2287 501 2321 b.
599 2290 654 2320 21.
683 2286 768 2331 ΗΒ]
797 2288 879 2328 ΗΒ,
899 2288 964 2319 ΛΔ
989 2295 1022 2328 v,
1058 2286 1145 2327 KH,
1166 2284 1235 2317 ΒΘ
1258 2283 1292 2317 b.
1391 2282 1432 2324 Θ,

1466 2355 1520 2508 3
