1520 2508
550 49 920 84 PROLEGOMENA.
1287 46 1410 82 XXIII

63 159 137 194 quo
160 145 286 183 codiee
304 156 374 180 usa.
397 155 575 190 magnam
591 144 739 190 partem
757 144 856 179 recte
877 141 1076 189 suppleuit,
1096 142 1202 178 uelut
1214 155 1254 188 p.
1271 145 1327 187 24,
1346 144 1408 187 18,

63 206 121 248 58,
141 204 200 245 173
226 203 281 244 62,
303 202 364 243 15³
390 202 446 243 80,
469 201 522 233 10.

157 252 272 290 etiam
302 252 407 288 codd.
429 255 462 296 2,
483 255 504 285 3
530 261 576 286 ex
599 250 687 286 Vat.
711 261 787 285 non
811 249 1037 296 interpolato
1066 248 1249 296 originem
1274 248 1409 284 ducere

63 305 302 344 existimandi
324 306 427 350 sunt3
453 315 551 350 quae
569 304 684 350 uulgo
704 305 761 339 est
784 315 887 350 prop.
909 307 952 338 87
979 314 1064 338 cum
1081 303 1258 339 lemmate
1277 302 1318 337 in
1335 301 1409 337 fine

62 361 242 398 Datorum
271 359 414 395 habent
446 359 485 394 et
515 357 718 404 scripturas
742 357 828 392 Vat.
855 357 1052 403 praebent,
1090 356 1196 392 uelut
1222 369 1258 402 p.
1280 360 1319 401 2,
1341 359 1408 399 10,

62 419 148 459 220,
168 418 206 459 2,
246 417 332 458 222,
354 416 408 448 14.
471 424 506 458 p.
530 415 614 457 164,
641 415 686 446 24
715 410 891 446 librarius
920 410 1000 446 cod.
1028 414 1048 444 2
1081 409 1300 456 compendio
1327 409 1408 445 cod.

61 468 148 504 Vat.
173 467 272 503 male
297 466 488 502 intellecto
513 477 580 512 pro
608 465 708 500 ἔσται
733 463 883 510 scripsit
907 463 991 508 ἄρα.
1030 463 1069 498 111
1088 463 1234 499 Marino
1260 474 1408 508 quoque

61 523 140 558 cod.
161 526 182 557 3
209 521 370 566 quidem,
396 519 462 555 ubi
488 531 562 554 non
586 518 667 564 ipse
692 519 834 563 peccat,
861 527 945 550 cum
970 515 1055 551 Vat.
1082 515 1300 561 plerumque
1321 527 1409 551 con-

62 576 195 623 spirat,
226 575 331 610 uelut
354 587 389 620 p.
411 577 491 618 236,
513 577 544 618 1,
565 576 586 607 8
600 569 709 618 (uoci),
730 574 792 614 25,
828 572 908 615 238,
928 573 962 614 4,
983 572 1021 614 8,
1061 573 1141 614 242,
1162 573 1224 614 26,
1263 572 1343 615 248,
1365 573 1406 615 3,

60 630 125 666 cfr.
151 642 186 675 p.
207 632 286 673 236,
309 631 353 662 14
378 627 470 674 ἅμα]
499 626 570 662 del.
596 638 643 660 m.
667 629 684 660 1
712 624 811 668 Vat.,
838 635 908 659 om.
930 627 962 658 3.

156 682 256 718 idem
281 681 377 716 illud
402 680 476 725 ἄρα
506 692 541 726 p.
565 683 648 723 164,
670 681 715 712 24
746 689 830 713 011111
860 677 901 712 111
926 677 1005 713 cod.
1028 680 1072 712 10
1098 677 1410 724 deprehendatur,

61 737 126 772 uix
148 737 274 782 potest
299 733 475 779 dubitari,
502 732 593 779 quin
617 732 698 778 ipse
718 742 762 767 ex
781 731 867 766 Vat.
890 730 1081 766 deriuatus
1102 730 1160 768 sit.
1187 731 1300 776 idque
1324 743 1410 767 eon-

61 791 230 826 firmatur
260 787 368 833 locis,
400 787 530 833 quales
562 788 665 822 sunt:
702 798 736 831 p.
760 788 838 829 112,
859 788 904 819 25
929 784 1022 829 πρὸς
1045 783 1103 831 τό]
1129 795 1199 819 0111.
1219 784 1318 829 vat„
1346 788 1409 829 10,

61 857 98 890 p.
114 847 193 887 120,
209 846 252 877 19
280 841 447 888 ἔλασσον]
467 839 703 885 παράλληλον
721 838 820 883 vat„
843 842 903 882 10,
934 850 966 883 p.
986 841 1065 883 126,
1081 842 1122 872 11
1144 838 1236 882 πρὸς
1255 837 1409 885 ἄλληλα]

63 908 134 932 om.
160 896 264 940 Vat.,
296 898 351 930 10.
413 905 496 929 cum
529 893 607 929 cod.
635 895 680 927 30
712 891 853 927 omittit
880 904 915 937 p.
944 895 1004 936 14,
1032 895 1076 926 18
1108 889 1158 926 δι’
1184 891 1265 927 ἴσον
1291 914 1338 918 -
1364 896 1408 928 19

66 953 94 985 Ζ
111 950 209 996 (pr),
242 960 325 984 011111
349 948 455 983 codd.
484 951 516 992 1,
536 951 581 982 30
611 958 647 991 p.
670 949 749 990 158,
770 948 790 979 9
820 950 955 990 τμῆμα.
1005 955 1025 980 0
1051 945 1131 980 cod.
1153 949 1173 980 2
1201 946 1409 992 descriptus

61 1014 142 1039 esse
166 1013 242 1037 non
265 1002 407 1048 potest,
439 1001 555 1036 habet
579 998 678 1034 enim
702 998 819 1033 uerba
843 1011 878 1044 p.
902 1002 980 1043 158,
1001 1002 1021 1033 9
1048 996 1167 1034 δοθέν
1186 1020 1232 1024 --
1253 1003 1297 1034 10
1319 1001 1408 1045 ΘΗ,

61 1068 158 1102 quae
199 1055 265 1090 ille
304 1054 457 1090 omittit.
526 1054 655 1088 contra
692 1051 771 1087 cod.
805 1055 847 1086 21
894 1062 913 1086 e
951 1051 1030 1086 cod.
1064 1055 1084 1086 2
1121 1052 1278 1097 pendet3
1321 1064 1410 1088 nam

60 1123 98 1156 p.
120 1112 204 1154 164,
231 1111 277 1143 24
309 1107 410 1143 ἔσται
432 1117 498 1152 pro
525 1105 598 1150 ἄρα
629 1104 747 1140 habet
778 1106 816 1140 et
840 1105 947 1140 codd.
974 1109 1013 1150 2,
1039 1109 1082 1140 21
1116 1105 1187 1140 soli
1216 1119 1252 1152 p.
1275 1110 1360 1153 158,
1387 1111 1408 1142 9

63 1160 182 1199 δοθέν
207 1183 253 1187 -
279 1164 323 1195 10
352 1162 433 1196 ΘΗ
455 1159 644 1194 omittunt.

158 1214 238 1251 cod.
260 1218 304 1249 14
335 1223 481 1259 quoque
513 1223 558 1247 ex
582 1212 668 1247 Vat.
694 1223 769 1247 non
798 1210 1024 1257 interpolato
1055 1211 1216 1257 pendere
1241 1212 1409 1258 uidetur;

60 1269 218 1316 praebet
242 1266 342 1303 enim
365 1279 399 1312 p.
422 1269 477 1310 22,
500 1269 543 1300 17
570 1263 704 1300 ἐλάττω
730 1276 796 1311 pro
823 1264 863 1300 ἐν
889 1264 994 1312 λόγῳ.

156 1333 176 1357 e
202 1321 280 1356 cod.
302 1323 347 1354 30
379 1318 585 1364 descriptus
611 1320 668 1353 est
686 1318 766 1354 cod.
787 1321 831 1353 33
859 1330 881 1353 a
899 1318 1027 1353 Barth.
1049 1318 1246 1354 Zamberto
1267 1319 1319 1365 (in
1337 1320 1410 1356 fine

59 1377 258 1412 Datorum:
272 1395 318 1400 —
331 1371 396 1408 διὰ
414 1378 479 1408 τοῦ
500 1371 582 1418 (sic)
603 1371 725 1418 χειρὸς
745 1369 1027 1419 βαρθολομαίου
1052 1370 1256 1418 ζαμβέρτου
1278 1379 1322 1420 τῇ
1342 1379 1408 1409 τοῦ

60 1425 280 1475 δεκεμβρίου
298 1424 416 1472 ἡμέρα
437 1425 489 1472 ιβ’
513 1424 584 1460 ἔτει
604 1438 638 1460 α.
654 1439 692 1470 φ.
709 1427 762 1470 ε.),
789 1425 869 1460 cod.
891 1429 936 1459 24
957 1435 979 1460 a
997 1425 1107 1460 Petro
1127 1426 1314 1472 Uergetio.
1353 1438 1410 1463 ar-

59 1482 209 1518 tissima
220 1479 456 1516 necessitudo
469 1479 601 1514 horum
614 1478 784 1514 codicum
804 1489 850 1513 ex
863 1489 905 1514 eo
919 1478 1030 1514 facile
1044 1478 1289 1525 intellegitur,
1309 1481 1411 1525 quod

61 1535 240 1572 omittunt
257 1546 292 1579 p.
309 1537 363 1578 14,
379 1536 422 1567 16
447 1532 488 1567 τὸ
508 1535 541 1567 A
554 1553 599 1558 ——
614 1530 745 1576 οὕτως,
770 1544 805 1577 p.
829 1535 883 1576 14,
906 1535 948 1566 18
975 1530 1026 1567 δι’
1044 1531 1126 1568 ἴσου
1145 1554 1191 1558 -
1206 1537 1249 1568 19
1274 1536 1301 1569 Ζ
1314 1536 1410 1581 (pr.),

60 1602 96 1635 p.
111 1592 167 1633 26,
181 1591 203 1623 6
222 1585 275 1632 δέ,
293 1599 328 1632 p.
345 1589 423 1628 100,
439 1589 459 1620 5
473 1583 538 1621 καί
548 1586 642 1631 (pit),
661 1598 696 1631 p.
713 1589 792 1630 214,
809 1589 851 1619 15
865 1583 952 1630 γάρ,
976 1585 1040 1621 cfr.
1054 1587 1251 1632 praeterea
1264 1600 1299 1633 p.
1314 1592 1347 1633 4,
1365 1592 1408 1623 13

61 1642 164 1688 ὅλον]
190 1639 320 1676 λοιπόν
340 1643 395 1683 30,
410 1642 466 1683 33,
484 1642 546 1682 24,
572 1651 607 1684 p.
623 1642 679 1683 20,
695 1642 714 1673 9
736 1640 775 1674 et
792 1650 827 1684 p.
843 1642 899 1683 22,
918 1643 938 1673 2
966 1638 1081 1686 ἔσται]
1108 1639 1183 1685 ἄρα
1201 1643 1257 1686 30,
1273 1644 1329 1686 33,
1345 1645 1408 1686 24,

60 1708 96 1742 p.
124 1698 203 1739 220,
229 1697 275 1728 20
305 1697 370 1738 τῆς
388 1692 492 1738 (pr.)]
523 1697 590 1727 τοῦ
616 1695 672 1736 30,
700 1695 756 1736 33,
783 1695 839 1728 24.
895 1692 1114 1728 Zambertus
1148 1704 1209 1738 ea,
1248 1705 1345 1738 quae
1370 1695 1410 1730 in

61 1749 142 1785 cod.
170 1751 215 1783 30
245 1758 319 1792 mg.
353 1745 526 1791 suppleta
558 1747 645 1780 sunt
676 1746 724 1790 (u.
752 1746 896 1791 supra),
933 1744 973 1780 in
1009 1746 1154 1781 textum
1192 1746 1332 1782 codicis
1363 1751 1410 1782 33

60 1801 218 1847 recepit3
237 1800 339 1835 idem
350 1798 569 1834 manifestos
590 1809 730 1834 errores
750 1798 811 1833 hic
829 1797 908 1834 11110
927 1798 1097 1843 correxit,
1118 1799 1223 1834 uelut
1240 1812 1275 1845 p.
1293 1804 1348 1844 14,
1365 1803 1409 1835 1⁷

61 1856 148 1901 post
173 1856 206 1889 E
224 1854 306 1899 (pr.)
331 1851 479 1887 addidit
506 1851 620 1893 οὕτως
644 1852 685 1887 τὸ
711 1855 739 1886 Α
765 1851 858 1895 πρὸς
881 1852 922 1887 τὸ
950 1855 996 1896 Β,
1028 1863 1063 1887 u,
1090 1851 1206 1887 etiam
1230 1864 1265 1898 p.
1287 1856 1343 1898 22,
1365 1857 1408 1889 17

62 1907 87 1954 ἢ
113 1907 154 1943 ἐν
177 1906 292 1954 λόγῳ]
318 1909 380 1950 33,
413 1904 547 1940 ἐλάττω
573 1909 636 1949 30,
673 1917 708 1950 p.
730 1908 792 1949 24,
815 1908 859 1940 14
883 1905 925 1940 τό
946 1905 1062 1952 (alt.)]
1089 1916 1180 1940 corr.
1207 1916 1252 1940 ex
1276 1909 1326 1952 τῷ
1351 1909 1408 1952 33,

62 1964 113 2009 τῷ
137 1964 198 2004 30,
234 1972 269 2006 p.
292 1962 376 2003 150,
397 1962 417 1993 9
443 1957 742 2005 ἀναγεγράφθω]
768 1961 830 2002 33,
863 1957 1103 2004 ἀναγράφθω
1130 1961 1192 2001 30,
1229 1970 1265 2003 p.
1287 1962 1365 2002 134,
1386 1963 1408 1994 3

63 2011 129 2050 καί
153 2034 199 2039 --
223 2017 246 2047 4
270 2010 415 2059 δοθείς]
441 2011 499 2047 bis
526 2016 588 2056 30,
626 2009 691 2047 καί
716 2033 762 2037 -
787 2009 927 2051 δοθεὶς.
978 2011 1042 2046 καὶ
1066 2016 1131 2057 τῆς
1158 2014 1238 2047 ΓΚ.
1268 2011 1340 2047 ἔστι
1366 2011 1410 2049 δέ

62 2068 136 2103 κτλ.
158 2069 220 2109 33,
246 2064 462 2100 Zambertus
480 2064 599 2111 igitur
616 2066 816 2110 postquam
838 2065 954 2100 uerba
979 2065 1043 2099 καὶ
1061 2070 1126 2110 τῆς
1147 2067 1222 2100 ΓΚ
1243 2065 1409 2113 iterauit,

61 2120 299 2157 iterationem
327 2117 463 2153 falsam
492 2117 571 2152 cod.
593 2120 638 2152 30
663 2116 862 2153 intellexit.
912 2116 951 2151 in
976 2117 1113 2152 Marini
1141 2120 1408 2157 commentario

63 2172 143 2211 cod.
164 2175 208 2206 33
235 2170 505 2216 discrepantias
531 2183 578 2206 m.
600 2174 620 2205 2
640 2170 725 2206 Vat.
752 2170 876 2206 habet.
927 2170 968 2205 in
992 2171 1072 2207 eod.
1095 2175 1139 2207 24
1166 2174 1293 2208 autem
1317 2174 1408 2209 Uer-

61 2225 185 2273 getius
209 2224 358 2270 praeter
382 2234 444 2259 eos
470 2235 621 2269 errores,
648 2235 741 2269 quos
764 2235 878 2269 supra
897 2224 1195 2271 commemoraui,
1222 2226 1299 2261 alia
1318 2238 1409 2272 quo-

62 2289 134 2324 que
160 2276 335 2321 correxit,
360 2287 395 2311 u.
420 2288 455 2322 p.
476 2280 533 2322 48,
555 2281 598 2313 19
625 2275 831 2323 δεδομένην
853 2278 1008 2314 εὐθεῖαν
1028 2279 1175 2326 εὐθεῖα]
1202 2278 1409 2325 δεδομένον
