1520 2508
90 805 134 836 10

87 1152 130 1183 15

85 1524 130 1554 20

153 1797 232 1837 ΓΔ
269 1795 395 1849 ὅμοια
425 1793 498 1836 καὶ
529 1793 687 1848 ὁμοίως
717 1795 889 1848 κείμενα
921 1794 1218 1850 εὐθύγραμμα
1254 1795 1306 1837 τὰ
1342 1798 1393 1850 Ε,
1426 1797 1477 1837 Ζ·

162 79 218 121 90
689 81 955 116 AEAOMENA.

248 173 331 216 ἀπὸ
371 175 453 229 γὰρ
496 180 571 228 τῆς
613 174 745 229 αὐτῆς
786 175 960 225 εὐθείας
995 181 1070 230 τῆς
1104 179 1189 218 ΑΒ
1231 177 1313 218 δύο
1349 177 1419 220 εὐι
1447 178 1483 233 '.
1503 180 1511 207 -’

159 258 351 299 γραμμα,
394 243 420 285 ἃ
457 245 626 298 ἔτυχεν,
670 243 879 299 δεδομένα
915 251 974 303 τῷ
1012 246 1118 287 εἴδει
1161 240 1520 304 αναγεγραφθὲ

158 313 211 354 τὰ
237 317 278 354 A
286 315 472 367 ΕΓΖΒ
493 317 579 355 ΑΛ
586 316 641 354 Β
674 312 797 368 λέγω,
823 314 888 356 ὅτι
913 317 1040 368 λόγος
1059 314 1148 356 ἐστὶ
1166 320 1244 356 τοῦ
1264 318 1437 358 ΑΕΓΖ
1459 311 1520 373 4*

157 383 266 438 πρὸς
296 385 427 424 ΑΔΒ
458 383 619 433 δοθείς.

246 451 571 506 ἐπεζεύχθωσαν
607 453 688 508 γὰρ
726 453 774 494 αἶ
801 457 843 495 Α
852 456 900 508 Ζ
928 457 1028 495 ΖΕ·
1073 452 1244 496 δέδοται
1275 456 1358 510 ἄρα
1388 455 1476 498 gnos

159 798 283 841 θέντι
314 800 398 855 ἄρα
428 801 555 853 λόγος
587 798 676 842 ἐστὶ
706 806 784 842 τοῦ
818 803 946 842 ΓΕΑ
955 804 990 842 Ζ
1025 802 1134 857 πρὸς
1163 802 1211 843 τὸ
1245 805 1375 843 ΖΕΑ
1409 802 1485 844 δο-
1481 782 1520 875 {J

156 871 264 918 θείς.
318 875 396 910 τοῦ
428 867 476 911 δε
509 872 639 918 ΖΕΑ
668 870 776 925 πρὸς
806 871 854 912 τὸ
888 873 1010 912 ΖΑΒ
1042 873 1170 924 λόγος
1201 869 1289 913 ἐστὶ
1320 848 1520 940 δοθείςῂἕ

156 937 383 994 ἐπειδήπερ
404 938 486 980 ἀπὸ
506 944 581 993 τῆς
600 939 732 993 αὐτῆς
750 939 925 988 εὐθείας
943 945 1018 993 τῆς
1037 943 1123 981 ΑΖ
1142 939 1479 996 ἀναγέγραπται·
1483 947 1520 996 ’ἐξ

155 1006 226 1049 καὶ
257 1013 335 1049 τοῦ
362 1010 491 1049 ΓΕΑ
501 1011 536 1049 Ζ
567 1009 651 1063 ἄρα
680 1009 789 1063 πρὸς
819 1009 866 1050 τὸ
894 1011 1018 1050 ΖΑΒ
1049 1011 1175 1062 λόγος
1201 1009 1289 1051 ἐστὶ
1315 1011 1486 1060 δοθείς·
1486 1004 1520 1068 fs?

154 1075 226 1118 καὶ
257 1075 465 1118 συνθέντι
496 1083 574 1118 τοῦ
607 1079 731 1119 ΓΕΒ
742 1080 820 1119 ΖΑ
853 1078 962 1133 πρὸς
990 1079 1038 1120 τὸ
1073 1081 1196 1120 ΖΒΑ
1233 1081 1360 1132 λόγος
1392 1067 1518 1124 ἐστὶξ

157 1147 316 1195 δοθείς.
382 1152 460 1188 τοῦ
497 1144 545 1188 δε
578 1149 701 1188 ΖΑΒ
738 1147 845 1202 πρὸς
876 1148 924 1188 τὸ
956 1150 1086 1188 ΑΔΒ
1124 1149 1252 1201 λόγος
1289 1147 1378 1190 ἐστὶ
1409 1149 1508 1207 60⁴

155 1218 267 1265 θείς·
299 1214 371 1257 καὶ
401 1221 479 1257 τοῦ
507 1217 726 1257 ΓΕΑΒΖ
758 1216 841 1271 ἄρα
871 1216 980 1271 πρὸς
1004 1217 1052 1259 τὸ
1079 1220 1165 1258 ΛΔ
1174 1219 1209 1258 Β
1240 1219 1367 1271 λόγος
1392 1211 1509 1277 ἐστὶξ

154 1286 314 1334 δοθείς.

791 1365 846 1407 ν’.

237 1446 336 1489 Ἐὰν
367 1447 448 1489 δύο
480 1447 650 1488 εὐθεῖαι
681 1447 789 1502 πρὸς
820 1446 1006 1501 ἀλλήλας
1036 1449 1168 1501 λόγον
1200 1450 1327 1502 ἔχωσι
1358 1444 1481 1518 δεδοὲι
1505 1431 1511 1466 ·]

458 1515 702 1532 ἱῖἱῖἱῖ

156 1585 513 1642 ἀναγεγραμμένα
543 1586 651 1641 πρὸς
681 1586 844 1639 ἄλληλα
876 1587 1008 1639 λόγον
1037 1585 1121 1637 ἔξει
1152 1586 1520 1648 δεδομένον.

239 1657 320 1698 δύο
351 1656 433 1711 γὰρ
466 1655 636 1697 εὐθεῖαι
668 1655 716 1696 αἱ
743 1658 848 1708 ΑΒ,
875 1653 992 1696 ΓΔ’
984 1657 1102 1712 ςπρὸς
1133 1655 1319 1710 ἀλλήλας
1349 1658 1479 1710 λόγον
1502 1649 1510 1670 ⁸

156 1724 367 1780 ἐχέτωσαν
398 1723 652 1779 δεδομένον,
689 1722 761 1765 καὶ
793 1723 1115 1780 ἀναγεγραφθω
1148 1725 1231 1768 ἀπὸ
1262 1732 1350 1768 τῶν
1380 1729 1479 1781 ΑΒ,

245 1947 275 1977 2.
305 1941 405 1988 ἔτυχε
430 1942 464 1977 b.
537 1945 586 2000 τῷ
613 1941 718 1988 εἴδει]
745 1952 812 1977 om.
839 1942 873 1977 b.
948 1945 979 1976 5.
1005 1943 1088 1988 AZ]
1114 1945 1178 1977 AB
1204 1954 1236 1977 v.
1311 1941 1479 1979 ἕκαστον

153 1988 326 2033 ἑκάτερον
352 1989 386 2024 b.
467 1993 497 2024 6.
523 2001 564 2032 τρ
545 1986 702 2033 ρίγωνον
728 1988 762 2023 b.
842 1991 873 2023 8.
902 1990 1020 2031 ΕΖΓ,
1042 1990 1139 2023 ΕΖΑ
1180 1991 1298 2033 ΑΕΖ,
1320 1991 1426 2024 ΕΓΖ
1442 1988 1480 2027 bss

199 2039 229 2070 9.
258 2034 346 2081 ἐστι]
373 2046 441 2070 om
468 2035 502 2070 b.
621 2038 675 2070 10.
702 2034 793 2078 πρὸς
816 2034 857 2070 τὸ
886 2035 1003 2092 ΖΕΑ]
1031 2045 1099 2069 om.
1161 2037 1228 2079 at„
1260 2047 1370 2080 supra
1395 2035 1469 2070 ad·-

152 2081 244 2126 πρὸς
267 2082 308 2116 τὸ
336 2083 442 2116 ΕΖΑ
466 2093 513 2116 m.
535 2085 566 2117 2
659 2085 712 2116 11.
739 2080 844 2126 πρός]
870 2079 933 2115 καί
958 2093 990 2125 v,
1017 2081 1100 2116 add
1122 2080 1212 2125 πρός
1235 2093 1281 2117 m
1303 2086 1334 2117 2.
1424 2094 1455 2116 τ

153 2139 222 2163 om.
248 2128 283 2162 b.
405 2132 458 2163 12.
490 2129 571 2174 AZ]
598 2127 805 2162 ABAZb.
928 2130 981 2162 13.
1018 2128 1176 2173 ΓΕΑΖ]
1200 2130 1325 2171 ΑΓΕ,
1350 2130 1420 2163 ΔΖ
1453 2142 1472 2157 ¹³
1518 2127 1519 2132 ¹

199 2174 304 2219 πρός]
330 2172 394 2209 καί
419 2176 563 2220 (comp.)
586 2174 682 2218 Vat„
707 2175 796 2208 mut.
822 2172 862 2207 in
886 2172 977 2216 πρός
1001 2177 1104 2208 m.2.
1203 2177 1255 2209 14.
1286 2176 1451 2209 ΓΕΒΖ

155 2223 335 2255 ΓΕΑΒΖ
360 2220 406 2264 ἄρ
409 2234 432 2255 α
457 2221 491 2256 b.
592 2220 706 2265 ΖΒΑ]
734 2222 834 2254 ΒΖΑ
859 2219 955 2264 Vah,
985 2222 1083 2254 ZBA
1108 2231 1140 2265 v,
1170 2222 1269 2255 ZAB
1293 2220 1328 2256 b.
1423 2223 1476 2266 20⁷

151 2265 198 2301 τὰ
223 2279 332 2311 ομοια
357 2234 406 2302 bf)
488 2279 526 2301 τε
552 2265 615 2302 καί
640 2266 724 2302 Vat.
733 2277 765 2301 v.
862 2269 916 2301 24.
942 2278 980 2300 τε
1005 2264 1068 2301 καί
1092 2278 1124 2302 v.
1482 2267 1484 2270 ’
