1520 2508
125 103 179 146 68
651 105 917 139 ΔΕΔΟΜΕΝΑ.

212 199 420 241 ἐκκείσθω
464 199 547 254 γὰρ
587 198 738 240 εὐθεῖα
774 205 825 254 τῇ
861 197 982 240 θέσει
1025 196 1234 253 δεδομένη
1271 198 1298 252 ἡ
1334 201 1446 254 AM,
1472 200 1485 240 j

123 267 453 324 πεπερατωμένη
496 265 575 322 μὲν
617 268 725 309 κατὰ
760 269 808 310 τὸ
844 272 906 322 Δ,
948 269 1124 324 ἄπειρος
1166 265 1214 309 δὲ
1255 267 1362 309 κατὰ
1398 268 1446 310 τὸ

127 340 301 391 λοιπόν,
337 336 409 379 καὶ
438 339 601 378 κείσθω
639 343 690 392 τῇ
721 335 800 392 μὲν
829 340 915 379 AB
954 342 1023 392 ἴση
1061 338 1087 392 ἡ
1117 340 1225 379 ΔΕ·
1265 337 1446 378 δοθεῖσα
1482 349 1487 355 ·’
1518 345 1520 347 ’

125 404 173 448 δὲ
203 407 229 461 ἡ
267 410 371 448 AB·
421 407 602 448 δοθεῖσα
642 407 725 462 ἄρα
759 405 887 460 καὶὴ
923 411 1030 448 ΔΕ·
1511 398 1516 408 ’

80 487 100 517 5
126 476 235 518 ἀλλὰ
258 475 331 518 καὶ
354 483 406 532 τῇ
431 475 568 518 θέσει·
599 478 676 518 καί
697 475 786 518 ἐστι
817 474 952 518 δοθὲν
982 478 1030 518 τὸ
1389 485 1428 518 Α
1480 520 1482 523 ,

124 550 183 587 Δ·
221 543 357 588 δοθὲν
393 546 476 601 ἄρα
506 544 578 587 καὶ
607 546 656 587 τὸ
687 549 746 587 Ε·
785 553 836 601 τῇ
872 543 919 587 δὲ
950 548 1038 587 ΒΓ
1275 555 1308 701 ἶ
1373 535 1380 605 N

125 619 196 669 ἴση
233 615 260 670 ἡ
291 618 393 656 ΕΖ·
443 615 625 656 δοθεῖσα
662 613 710 656 δὲ
745 615 772 669 ἡ
809 617 915 656 ΒΓ·
964 616 1032 656 δο-

1113 680 1150 712 Β
1401 683 1442 716 Γ

123 689 253 726 θεῖσα
289 686 372 740 ἄρα
407 683 479 726 καὶ
519 684 545 738 ἡ
582 687 680 726 ΕΖ·
730 684 838 726 ἀλλὰ
873 683 945 726 καὶ
980 691 1031 739 τῇ

124 757 263 796 θέσει·
305 756 381 795 καί
414 754 504 795 ε’στι
541 751 677 795 δοθὲν
713 754 760 796 τὸ
797 757 855 795 Ε·
895 752 1031 795 δοθὲν

59 833 102 864 10
126 825 211 876 ἄρα
232 822 304 864 καὶ
328 824 376 865 τὸ
398 826 450 864 Ζ·
481 830 532 878 τῇ
558 821 606 864 δὲ
625 825 717 864 ΑΓ
736 827 806 876 ἴση
830 823 856 876 ἡ
879 826 978 864 ΖΗ.
1022 824 1204 864 δοθεῖσα
1228 820 1275 864 δὲ
1294 822 1320 876 ἡ
1340 824 1446 864 ΛΓ·

126 894 308 935 δοθεῖσα
339 894 422 948 ἄρα
451 891 524 934 καὶ
554 892 580 946 ἡ
608 894 706 933 ΖΗ.
754 892 863 934 ἀλλὰ
893 891 964 934 καὶ
994 899 1045 947 τῇ
1076 891 1208 934 θέσει.
1263 894 1338 933 καί
1359 891 1448 934 ἐστι

126 960 262 1004 δοθὲν
298 963 346 1003 τὸ
380 965 431 1003 Ζ·
476 959 611 1003 δοθὲν
647 962 731 1017 ἄρα
767 960 839 1003 καὶ
875 962 923 1003 τὸ
953 964 1010 1003 H.
1070 960 1142 1002 καὶ
1177 960 1339 1017 κέντρῳ
1371 958 1449 1015 μὲν

125 1037 184 1088 τῷ
204 1034 255 1085 Ε,
282 1032 538 1085 διαστήματι
562 1029 610 1072 δὲ
635 1037 694 1087 τῷ
715 1034 798 1072 ΕΔ
821 1031 979 1080 κύκλος
996 1031 1233 1086 γεγράφθω
1254 1030 1276 1072 6
1295 1034 1338 1072 Δ
1345 1032 1390 1071 Κ
1395 1033 1448 1072 Θ·
1487 1035 1488 1038 ’

127 1099 249 1142 θέσει
285 1101 369 1156 ἄρα
406 1098 523 1142 ἐστὶν
558 1100 581 1142 ὁ
619 1102 769 1142 ΛΚΘ.
828 1100 959 1142 πάλιν
995 1099 1156 1156 κέντρῳ
1195 1097 1272 1154 μὲν
1309 1105 1367 1155 τῷ
1401 1102 1449 1152 Ζ,
1485 1109 1488 1122 ³

58 1179 102 1211 15
128 1171 384 1224 διαστήματι
426 1167 474 1211 δὲ
516 1175 575 1226 τῷ
621 1171 715 1210 ΖΗ
750 1170 908 1218 κύκλος
949 1169 1187 1224 γεγράφθω
1229 1168 1252 1211 6
1291 1170 1449 1210 ΗΚΛ·

126 1239 249 1282 θέσει
274 1240 359 1295 ἄρα
384 1236 501 1280 ε’στὶν
525 1238 548 1280 ὁ
568 1240 728 1279 ΗΚΛ·
758 1237 879 1280 θέσει
905 1236 953 1280 δὲ
977 1236 1050 1280 καὶ
1074 1238 1097 1280 ὁ
1116 1239 1257 1279 ΛΘΚ
1276 1238 1449 1286 κύκλος·
1490 1270 1491 1273 ¹

127 1307 264 1351 δοθὲν
300 1309 383 1363 ἄρα
419 1306 509 1349 ἐστὶ
545 1306 617 1349 καὶ
655 1308 704 1349 τὸ
735 1309 780 1348 Κ
806 1314 994 1362 σημεῖον.
1055 1309 1145 1349 ἔστι
1176 1305 1223 1348 δὲ
1253 1305 1325 1348 καὶ
1355 1305 1448 1348 ἑκά·
1489 1316 1515 1368 J,

126 1393 254 1433 τερον
284 1385 372 1418 τῶν
396 1380 447 1430 Ε,
469 1380 504 1418 Ζ
535 1376 688 1418 δοθέν·
721 1377 902 1418 δοθεῖσα
932 1378 1016 1431 ἄρα
1042 1375 1159 1418 ἐστὶν
1184 1375 1337 1430 ἑκάστη
1362 1383 1450 1418 τῶν

126 1450 225 1500 ΚΕ,
250 1450 346 1500 ΕΖ,
374 1448 461 1487 ΖΚ
493 1452 544 1501 τῇ
576 1445 697 1487 θέσει
733 1444 805 1487 καὶ
838 1452 897 1502 τῷ
927 1444 1118 1500 μεγέθει·
1159 1444 1331 1487 δέδοται
1367 1446 1450 1500 ἄρα
1514 1448 1520 1463 ³

58 1526 103 1558 20
126 1517 174 1558 τὸ
211 1518 343 1557 ΚΕΖ
385 1517 600 1571 τρίγωνον
636 1521 695 1572 τῷ
733 1515 849 1557 εἴδει.
909 1516 985 1556 καί
1018 1514 1135 1556 ἐστιν
1172 1518 1268 1556 ἴσον
1303 1529 1349 1556 τε
1378 1513 1449 1556 καὶ

127 1586 279 1640 ὅμοιον
309 1591 369 1641 τῷ
401 1587 552 1626 ΑΒΓ·
590 1583 762 1626 δέδοται
794 1585 877 1640 ἄρα
907 1585 956 1626 τὸ
988 1586 1124 1626 ΑΒΓ
1146 1585 1360 1639 τρίγωνον
1389 1589 1448 1640 τῷ
1488 1612 1516 1630 ‚

127 1655 242 1696 εἴδει.

220 1815 263 1849 In
293 1815 378 1860 figg.
405 1813 508 1848 codd.
535 1813 654 1848 PVat.
682 1814 737 1847 est
762 1815 826 1847 AB
848 1830 891 1842 =
911 1815 994 1856 ΑΓ,
1028 1815 1099 1847 ΕΔ
1121 1830 1162 1842 =
1186 1815 1273 1855 ZH3
1306 1790 1381 1846 litt.
1410 1814 1455 1846 M

129 1873 198 1896 om.
225 1862 392 1904 PVat.v;
424 1871 490 1905 pro
516 1864 548 1895 Δ
573 1859 658 1894 hab.
684 1863 712 1894 A
737 1859 772 1894 b,
1508 1862 1511 1871 Σ

225 2015 254 2045 1.
276 2009 454 2055 δεδομένη
473 2016 516 2056 τῇ
535 2008 639 2044 θέσει
652 1995 787 2044 ἐὐθεῖα
806 2008 840 2043 b.
914 2006 1108 2053 δεδομένη]
1129 2019 1198 2042 om.
1213 2008 1280 2043 Pv.
1347 2008 1451 2089 AM}

131 2060 211 2092 AH
240 2058 277 2092 et
308 2069 417 2102 supra
450 2059 487 2091 H
515 2067 581 2091 scr.
614 2058 661 2090 M
685 2067 731 2090 m.
759 2059 777 2089 1
810 2055 844 2089 b.
965 2059 995 2088 5.
1027 2054 1116 2089 Post
1146 2052 1262 2089 δοθέν
1293 2054 1376 2088 add.
1409 2055 1432 2089 δ

130 2106 272 2148 (comp.)
298 2103 333 2138 b,
430 2106 483 2137 10.
509 2103 567 2149 τῇ]
593 2102 615 2147 ἡ
640 2101 675 2136 b.
769 2101 901 2146 ἡ(Ρι·.)]
926 2106 968 2147 τῇ
994 2101 1027 2134 b.
1125 2104 1178 2135 13.
1206 2101 1292 2146 ΕΔ]
1317 2102 1390 2135 ΔΕ
1414 2100 1449 2135 b.

177 2153 231 2184 14.
257 2148 361 2184 θέσει
389 2170 415 2174 —·
431 2150 561 2195 ΛΚΘ]
587 2159 655 2183 om.
676 2148 710 2182 b.
794 2146 920 2192 πάλιν]
946 2147 1008 2182 καὶ
1027 2145 1137 2182 πάλιν
1161 2147 1196 2181 b.
1282 2150 1334 2181 15.
1358 2147 1449 2192 ΖΗ]

131 2198 202 2231 ΕΔ
227 2207 266 2240 v,
300 2207 409 2241 supra
435 2206 500 2229 scr.
526 2207 572 2229 m.
601 2198 618 2229 1
649 2197 729 2229 ZH.
842 2196 894 2228 17.
920 2191 983 2228 καί
1003 2194 1098 2251 (pr.)]
1125 2204 1194 2228 om.
1219 2192 1254 2227 b.
1363 2192 1449 2238 ἔστι]

129 2241 192 2277 καί
219 2242 291 2277 ἐστι
316 2254 349 2276 v.
428 2245 481 2276 18.
509 2240 656 2287 ἑκάστη]
685 2238 837 2283 ἑκατέρα
861 2239 895 2274 b.
976 2243 1030 2274 20.
1056 2240 1112 2285 το]
1137 2239 1199 2274 καὶ
1223 2238 1264 2273 τό
1288 2250 1320 2272 v.
1394 2242 1448 2272 21.

129 2292 178 2334 τῷ
197 2289 292 2334 (pr.)]
318 2289 416 2334 αὐτῷ
440 2287 480 2322 τό
505 2287 540 2322 b.
