1520 2508
552 122 557 125 ,
617 87 756 121 DATA.
1278 80 1364 122 175

553 215 832 259 LXXXVIII.

20 294 23 296 ‚
110 301 156 345 Si
186 302 233 344 in
263 300 471 344 circulum
502 298 800 355 magnitudine
833 297 982 339 datum
1008 298 1129 338 recta
1152 294 1269 336 linea
1293 294 1366 336 du-

25 373 134 417 citur
170 373 278 415 data'
305 370 620 427 magnitudine,
658 371 930 425 segmentum
973 367 1123 409 datum
1160 365 1367 422 angulum

23 443 190 501 capiens
221 442 454 485 abscindet.

108 529 208 556 nam
242 513 289 555 in
326 512 536 556 circulum
567 510 866 567 magnitudine
898 509 1047 551 datum
1078 509 1219 550 ΑΒΓ
1249 510 1368 549 reeta

24 583 135 627 linea
165 584 344 626 ducatur
375 586 417 624 A
426 584 468 624 Γ
494 582 594 623 data
624 579 935 636 magnitudine.
998 578 1112 634 dico,
1149 593 1244 620 eam
1276 591 1368 634 seg-

532 654 727 694 mentum
766 652 915 692 datum
953 649 1160 705 angulum
1193 649 1366 704 capiens

534 722 801 764 absoisuram
833 736 938 763 esse.

614 795 810 834 sumatur
841 791 956 833 enim
988 793 1184 832 centrum
1216 789 1367 831 circuli

531 867 586 919 A,
618 866 661 904 et
687 863 817 904 ducta
841 864 960 903 recta
985 864 1073 902 AA
1102 860 1367 915 producatur

532 934 585 976 ad
615 937 671 989 E,
710 936 753 975 et
785 933 965 975 ducatur
991 933 1082 973 ΓΕ.
1161 930 1367 985 quoniam

532 1004 633 1046 data
682 1007 748 1046 est
803 1006 986 1058 utraque
1036 1004 1125 1043 EA
1182 1000 1282 1055 [def.
1321 1002 1365 1056 53

531 1089 651 1130 prop.
683 1073 795 1129 111]‚
826 1075 931 1128 ΑΓ,
979 1072 1092 1114 ratio
1130 1074 1219 1112 EA
1245 1086 1254 1112 :
1281 1073 1375 1112 ΑΓ

533 1145 634 1186 data
677 1144 758 1186 erit
802 1144 940 1199 [prop.
973 1142 1026 1198 1].
1094 1144 1137 1183 et
1181 1146 1208 1190 L
1234 1143 1370 1183 ΑΓΕ

23 1220 165 1259 rectus
197 1219 263 1258 est
296 1215 392 1272 [IlI‚
418 1215 506 1270 31].
561 1215 708 1270 itaque
739 1217 786 1258 Δ
806 1216 942 1256 ΑΓΕ
971 1213 1096 1255 datus
1129 1217 1195 1254 est
1226 1212 1367 1267 speeie

24 1287 162 1344 [prop.
186 1286 363 1341 XLIII]
418 1300 520 1342 ergo
553 1286 684 1327 etiam
715 1290 743 1335 l„
762 1287 902 1327 ΑΕΓ
926 1284 1052 1326 datus
1083 1285 1149 1324 est
1183 1282 1282 1338 [def.
1310 1282 1367 1336 3].

574 1414 809 1457 LXXXIX.

113 1498 159 1541 Si
188 1499 235 1540 in
259 1498 426 1541 ambitu
452 1497 601 1540 circuli
624 1497 842 1553 positione
868 1495 958 1538 dati
985 1496 1132 1537 datum
1157 1497 1369 1550 punctum

28 1569 211 1612 sumitur
242 1572 285 1610 et
317 1569 370 1611 ab
403 1583 452 1611 eo
486 1569 539 1610 ad
555 1564 718 1611 ‘circuli
751 1567 964 1610 ambitum
988 1565 1225 1608 inflectitur
1249 1568 1369 1607 recta

26 1639 168 1694 aliqua
199 1639 346 1681 datum
379 1639 589 1695 angulum
620 1639 825 1694 efficiens,
857 1638 966 1680 alter
990 1637 1201 1679 terminus
1225 1639 1369 1678 rectae

22 1709 202 1753 inflexae
233 1710 358 1752 datus
389 1713 465 1752 est.

110 1781 156 1822 in
185 1780 351 1823 ambitu
382 1779 497 1822 enim
528 1780 678 1823 circuli
707 1779 924 1835 positione
950 1778 1040 1820 dati
1066 1779 1205 1820 ΑΒΓ
1231 1791 1369 1818 suma-

26 1853 98 1893 tur
127 1851 273 1893 datum
303 1853 514 1906 punctum
540 1853 590 1906 B,
621 1853 664 1892 et
697 1865 721 1891 a
753 1852 791 1891 Β
822 1849 1069 1892 inflectatur
1093 1850 1212 1890 recta
1243 1848 1377 1888 ΒΑΓ

26 1921 174 1964 datum
221 1921 410 1964 efficiens
464 1921 671 1976 angulum
713 1923 796 1962 BA
805 1922 850 1962 Γ.
925 1919 1039 1975 dieo,
1080 1920 1290 1974 punctum
1334 1919 1369 1958 I

27 1991 173 2034 datum
203 2006 307 2035 esse.

110 2077 211 2105 nam
243 2065 438 2105 sumatur
474 2065 670 2104 centrum
701 2060 851 2104 circuli
875 2064 932 2116 A,
962 2062 1006 2102 et
1037 2060 1249 2101 ducantur
1273 2061 1366 2111 BA,

26 2212 138 2259 τυχόν
164 2224 196 2248 a.
306 2216 362 2248 22.
390 2211 529 2258 γωνίαν
554 2218 713 2249 ποιοῦσα
740 2223 772 2247 a.
889 2214 944 2247 23.
971 2211 1059 2257 τῶν]
1084 2215 1149 2255 τῆς
1174 2221 1206 2245 a.
1311 2213 1366 2245 24.

23 2257 108 2307 γάρ]
134 2271 204 2295 om.
230 2271 264 2296 a.
379 2259 420 2295 τό
441 2261 537 2307 (pr.)]
562 2259 711 2306 punctis
738 2258 809 2295 del.
835 2258 875 2294 P.
978 2258 1069 2293 Post
1094 2255 1250 2302 κέντρον
1277 2257 1363 2291 add.

21 2311 86 2341 τοῦ
111 2307 246 2342 κύκλου
271 2306 432 2343 Vatva.
