1520 2508
98 88 184 123 VIII
626 88 900 123 PRAEFATIO.

98 183 228 224 nimis
259 185 381 224 caute
412 181 480 223 uel
510 181 709 237 religiose
741 185 936 224 uersatus
967 197 1058 225 esse
1089 183 1244 237 uidear,
1276 183 1417 233 memiss

98 252 211 294 nerit
242 251 384 306 uelim,
413 251 459 292 in
489 251 568 292 hac
601 251 785 293 editione
810 252 1053 294 adornanda
1082 252 1125 294 id
1149 267 1215 294 me
1239 253 1420 295 maxime

101 324 333 376 spectasse,
375 323 424 362 ut
460 320 651 362 Euclidis
688 321 819 362 uerba
862 322 914 364 ad
950 322 1340 376 antiquissimorum
1377 325 1421 364 et

103 391 362 445 optimorum
399 390 591 432 codicum
627 390 754 432 fidem
790 390 1012 447 exigerem.
1077 394 1261 434 ceterum
1297 406 1419 446 spero

99 461 190 502 fore
213 463 260 502 ut
278 459 471 501 homines
491 459 752 511 sollertiores
778 463 821 502 et
838 461 1145 516 ingeniosiores
1162 462 1249 504 iam
1269 461 1422 503 idonea

103 531 295 572 codicum
332 529 591 584 supellectile
626 530 827 572 instructi
864 545 959 572 cum
1000 531 1052 573 iis
1089 531 1212 586 locis,
1255 531 1326 585 qui
1368 545 1421 572 ne

101 600 207 641 mihi
238 599 406 654 quidem
439 599 543 641 satis
575 600 667 640 sani
699 614 790 641 esse
820 599 904 641 uisi
935 601 1038 652 sint,
1074 600 1323 643 medicinam
1355 601 1422 642 ad-

100 669 252 722 ferant,
282 671 375 710 tum
402 668 544 710 ulcera
569 669 703 710 adhuc
727 669 906 711 latentia
931 670 1243 724 deprehendant
1267 674 1310 712 et
1331 684 1423 725 per-

106 740 266 780 sanent.

188 808 239 849 In
271 808 520 862 adparatum
552 807 747 850 criticum
772 809 964 851 codicum
989 807 1271 865 PVat.vb(ss)
1297 809 1424 864 scrip-

101 880 242 919 turam
278 877 446 931 plenam
483 878 696 933 congessi3
738 878 783 919 in
819 878 871 920 iis
909 882 1051 920 autem
1089 879 1281 933 partibus
1312 878 1424 933 libri,

102 946 176 988 ubi
212 946 239 988 b
278 946 435 1001 deficit,
480 947 733 1002 scripturam
771 948 859 990 cod.
892 963 916 989 a
955 948 1112 1004 addidi,
1155 963 1296 1004 quem,
1340 948 1425 990 nisi

106 1016 206 1070 quid
237 1018 386 1057 contra
415 1016 664 1059 adnotatum
689 1020 765 1072 est,
795 1018 972 1073 colligas
998 1018 1127 1060 uelim
1152 1033 1247 1060 cum
1270 1020 1298 1072 β
1330 1032 1425 1060 con-

103 1085 281 1140 spirare3
325 1085 653 1140 discrepantiam
696 1087 784 1128 cod.
815 1101 837 1128 z
872 1087 1093 1141 perpaucis
1131 1087 1236 1129 locis
1271 1087 1318 1128 in
1358 1088 1425 1128 ad-

104 1158 302 1209 paratum
346 1156 496 1211 recepi.
567 1156 725 1211 figuras
769 1157 927 1211 apertis
971 1156 1182 1198 erroribus
1226 1157 1424 1199 correctis

104 1224 212 1266 tales
244 1224 350 1278 dedi,
382 1225 527 1278 quales
558 1226 603 1266 in
634 1225 849 1267 codicibus
881 1226 1114 1280 descriptae
1147 1228 1256 1268 sunt.

191 1292 593 1348 Interpretationem
622 1294 821 1336 Latinam
852 1296 904 1336 ad
934 1296 1066 1336 uerba
1097 1294 1268 1350 Graeca,
1299 1309 1426 1349 quan-

106 1366 199 1404 tum
223 1363 315 1404 fieri
340 1367 496 1417 posset,
522 1364 925 1406 adcommodandam
949 1379 1039 1406 esse
1058 1365 1219 1419 putaui.
1261 1365 1426 1406 numeri

105 1432 260 1487 quibus
292 1432 403 1474 ‘defi'
435 1433 502 1475 uel
533 1433 682 1488 ‘pi-op?
713 1434 1003 1488 praepositum
1035 1437 1110 1488 est,
1142 1434 1194 1475 ad
1218 1433 1427 1476 Datorum

106 1501 372 1543 definitiones
410 1504 454 1543 et
489 1502 821 1558 propositiones,
858 1503 987 1544 ceteri
1024 1503 1076 1544 ad
1106 1503 1427 1545 Elementorum

104 1571 238 1612 libros
270 1574 313 1612 et
343 1571 656 1626 propositiones
687 1571 895 1614 referendi
927 1575 1037 1614 sunt.

193 1639 348 1682 Marini
379 1641 697 1696 commentariO,
730 1656 855 1696 quem
883 1642 1179 1698 dignissimum
1210 1657 1300 1684 esse
1333 1656 1428 1684 con-

109 1713 216 1765 stat,
272 1710 344 1764 qui
399 1710 591 1752 Euclidis
644 1710 755 1752 libro
805 1711 1075 1767 adiungatur,
1130 1711 1326 1767 contigit,
1379 1714 1428 1753 ut

106 1780 197 1834 ipse
229 1780 399 1834 quidem
430 1794 481 1821 ex
510 1782 631 1834 parte
659 1779 816 1822 Graece
847 1780 964 1835 prius
991 1781 1037 1822 in
1061 1780 1198 1823 lucem
1221 1781 1427 1835 proferre-

108 1852 194 1903 tur,
231 1863 358 1903 quam
394 1848 507 1890 Data
547 1850 780 1891 ederentur.
850 1850 1007 1892 etenim
1043 1865 1068 1891 a
1105 1849 1300 1904 Grynaeo
1331 1850 1425 1892 Ele-

109 1922 350 1960 mentorum
401 1918 576 1960 editioni
624 1918 848 1961 Basiliensi
901 1935 935 1961 a.
978 1919 1086 1962 1533
1135 1919 1301 1962 additus
1351 1923 1427 1962 est.

109 1990 258 2042 postea
283 1988 429 2042 Hardy
461 1991 503 2030 et
529 1987 759 2043 Gregorius
791 2003 887 2030 eum
918 1988 1174 2030 editionibus
1200 1988 1287 2031 suis
1312 2003 1429 2044 prae-

108 2060 352 2112 posuerunt.
402 2058 594 2111 equidem
619 2061 784 2099 textum
809 2058 860 2099 ad
884 2058 1010 2099 fidem
1041 2058 1232 2100 codicum
1256 2058 1290 2100 P
1298 2058 1427 2101 Vat.v

110 2126 324 2168 constitui.

200 2195 387 2250 Scholia,
430 2210 611 2250 quorum
648 2197 875 2238 maximam
911 2200 1075 2252 partem
1113 2212 1134 2239 e
1172 2198 1259 2239 cod.
1296 2197 1427 2240 Paris.

111 2265 182 2308 Gr.
214 2267 327 2308 2348
367 2265 621 2319 descriptam
662 2266 766 2308 mihi
804 2266 1092 2321 suppeditauit
1129 2266 1335 2323 Heiberg,
1378 2282 1429 2309 ex
