1520 2508
676 94 816 128 DATA.
1368 88 1423 132 67

77 197 172 238 EH
196 193 408 236 rationem
438 191 491 233 ad
516 193 600 233 EZ
631 190 797 232 habens
824 190 982 245 datam,
1007 191 1050 230 et
1074 202 1151 244 per
1176 190 1228 229 H
1252 187 1426 242 utrique

76 268 214 308 rectae
257 266 363 319 AB,
402 263 483 304 ΓΔ
530 260 738 317 parallela
783 262 902 302 reeta
943 259 1058 301 linea
1101 260 1282 301 dueatur
1329 259 1425 300 ΘΚ.

78 337 182 392 dieo,
215 337 304 377 ΘΚ
332 334 476 376 datam
509 347 601 375 esse
633 331 862 387 positione.

161 421 261 448 nam
293 407 488 447 sumatur
517 403 564 445 in
595 406 713 445 reeta
744 405 832 445 AB
865 402 1014 444 datum
1045 404 1255 457 punctum
1286 403 1350 455 N,
1384 402 1428 442 et

78 478 254 520 dueatur
285 476 338 518 ab
364 478 415 517 N
440 475 493 516 ad
526 476 607 516 ΓΔ
637 472 1002 529 perpendicularis
1035 475 1154 514 reeta
1183 471 1298 513 linea
1322 474 1374 513 Ν
1376 473 1435 513 Μ

78 551 120 591 et
155 548 359 590 educatur
396 546 448 587 ad
490 549 541 587 A.
616 544 822 600 quoniam
867 559 891 585 a
935 544 1035 585 dato
1079 545 1241 598 puncto
1286 544 1338 584 N
1374 541 1429 582 ad

783 617 947 675 rectam
1007 613 1226 669 positione
1283 613 1429 654 datam

93 676 128 712 Θ
460 718 464 733 ,
663 673 704 706 K
783 687 864 727 ΓΔ
900 688 1019 727 reeta
1054 684 1170 726 linea
1201 684 1331 726 dueta
1361 686 1428 725 est

79 693 698 929 ΑᾟΒ
780 759 890 798 ΝΜ
911 756 1061 797 datum
1082 755 1275 797 efficiens
1295 768 1429 811 angu-

779 827 870 868 lum
893 830 944 869 Ν
946 829 1059 882 ΜΔ,
1083 826 1301 882 positione
1329 826 1429 867 data

119 794 402 939 ‘A‘
482 946 488 949 -
623 915 704 951 ..Δ
781 898 864 940 erit
904 900 1002 940 AN
1004 901 1063 940 M
1100 899 1237 953 [prop.
1272 896 1426 950 XXX]

82 923 118 954 Γ
251 948 280 980 Ζ
435 946 481 979 M

783 969 855 1011 sed
904 968 1121 1024 positione
1170 968 1302 1010 etiam
1347 970 1428 1010 ΓΛ

76 1043 173 1085 data
203 1045 277 1084 est.
341 1056 444 1097 ergo
475 1043 689 1101 punctunr
718 1043 777 1082 M
807 1041 955 1082 datum
994 1043 1060 1081 est
1098 1039 1236 1094 [prop.
1269 1038 1426 1094 XXV]

76 1129 223 1156 uerum
248 1113 379 1156 etiam
404 1115 455 1155 N
481 1113 629 1154 datum
655 1115 731 1153 est.
781 1111 927 1166 itaque
954 1113 1073 1152 reeta
1097 1113 1148 1152 N
1150 1113 1210 1153 M
1235 1110 1335 1152 data
1360 1113 1428 1152 est

77 1184 212 1240 [prop.
238 1183 415 1238 XXVI]
478 1186 521 1225 et
559 1183 764 1238 quoniam
807 1182 920 1224 ratio
961 1184 1046 1223 ZE
1064 1197 1073 1223 τ
1093 1183 1192 1223 ΕΗ
1223 1181 1323 1222 data
1361 1184 1428 1223 est

77 1259 120 1298 et
145 1257 670 1298 ZEzEH=NMzNA
697 1253 789 1309 [VL
809 1253 875 1308 2]‚
907 1253 1038 1295 etiam
1063 1252 1175 1294 ratio
1196 1254 1429 1294 MNzNA

77 1326 173 1368 data
204 1326 285 1368 erit
317 1325 415 1381 [def.
443 1325 502 1381 2].
553 1325 627 1367 sed
653 1326 752 1366 data
777 1328 844 1367 est
875 1327 990 1366 NM.
1042 1338 1145 1380 ergo
1178 1322 1310 1365 etiam
1338 1326 1428 1366 NA

77 1397 174 1438 data
204 1400 269 1439 est
299 1396 438 1452 [prop.
464 1395 538 1450 Il]
600 1410 751 1437 uerum
789 1394 920 1437 etiam
957 1394 1174 1450 positione
1214 1394 1314 1435 data
1349 1397 1426 1437 est.

77 1471 120 1510 et
149 1468 294 1510 datum
326 1471 391 1509 est
422 1470 631 1523 punctum
663 1469 719 1508 N.
768 1466 915 1521 itaque
945 1466 1076 1508 etiam
1108 1468 1149 1507 A
1181 1465 1329 1507 datum
1362 1470 1428 1508 est

78 1537 214 1594 [prop.
238 1537 436 1593 XXVII]
497 1538 585 1580 iam
618 1537 823 1592 quoniam
854 1552 931 1593 per
962 1537 1111 1579 datum
1142 1540 1354 1592 punctum
1385 1540 1427 1579 A

76 1612 215 1651 rectae
244 1609 459 1665 positione
492 1609 614 1650 datae
646 1611 734 1650 AB
768 1607 974 1663 parallela
1005 1610 1123 1650 reeta
1153 1607 1269 1649 linea
1299 1608 1429 1650 dueta

78 1682 143 1721 est
175 1682 276 1734 ΘΚ,
317 1682 407 1722 ΘΚ
432 1679 649 1735 positione
682 1679 781 1720 data
812 1678 894 1720 erit
927 1678 1065 1734 [prop.
1092 1677 1313 1733 XXVIII]

651 1808 850 1851 XXXIX.

167 1890 211 1934 Si
230 1892 435 1949 trianguli
453 1892 788 1947 unumquodque
807 1891 993 1933 laterum
1013 1892 1162 1933 datum
1176 1894 1240 1933 est
1260 1891 1427 1947 magni-

79 1961 240 2017 tudine,
272 1963 513 2019 triangulus
546 1963 672 2004 datus
705 1966 771 2004 est
803 1962 956 2018 specie.

165 2045 265 2074 nam
288 2033 493 2089 trianguli
518 2035 658 2075 ΑΒΓ
691 2033 1026 2087 unumquodque
1059 2032 1245 2075 laterum
1278 2033 1428 2075 datum

80 2101 138 2143 sit
162 2102 462 2157 magnitudine.
525 2104 634 2159 dieo,
665 2103 934 2160 triangulum
967 2103 1115 2145 datum
1147 2118 1239 2146 esse
1272 2104 1425 2159 speeie.

126 2231 180 2264 14.
209 2230 306 2276 HE]
332 2232 411 2265 ΕΗ
431 2231 559 2267 Vat.b.
641 2235 696 2266 15.
730 2232 840 2278 ΜΝ]
868 2233 962 2267 ΝΜ
980 2231 1019 2267 Ρ.
1090 2235 1144 2267 16.
1173 2233 1260 2279 NA]
1287 2235 1363 2268 MA
1388 2233 1424 2268 b.

125 2279 179 2311 17.
206 2274 286 2311 ἐπεί
313 2297 354 2303 -
382 2281 436 2313 18.
462 2280 510 2326 Λ]
536 2290 605 2314 om.
626 2279 662 2314 b.
773 2282 828 2313 21.
855 2278 938 2325 w']
966 2279 1005 2324 μ’
1033 2278 1068 2314 b.
1192 2283 1247 2314 23.
1275 2279 1332 2326 τό]
1359 2280 1423 2315 καὶ

0 2333 1 2346 ³
77 2321 118 2357 τό
142 2334 174 2358 v.
273 2327 328 2359 26.
356 2323 460 2372 εἴδει]
487 2337 575 2362 corr.
604 2337 648 2362 ex
675 2326 755 2372 εἴδη
781 2338 828 2361 m.
850 2330 870 2361 2
890 2337 923 2361 v.

1159 2386 1206 2420 5*
