1520 2508
586 75 866 110 PRAEFATIO.
1351 73 1403 108 IX
1445 117 1448 119 ,

58 171 399 229 quattuordecim
431 171 650 214 codicibus
683 171 839 228 collegi
872 174 915 214 et
946 170 1191 227 emendaui,
1223 185 1407 226 quorum

59 243 251 286 omnium
269 242 358 285 fere
379 257 526 285 omnes
547 242 859 299 discrepantias
885 242 932 285 in
952 243 1207 299 adparatum
1233 242 1407 299 colleg-13

57 315 108 357 de
153 314 415 357 scholiorum
457 314 623 371 origine
670 318 713 357 et
758 317 899 357 aetate
944 314 1030 357 alio
1073 314 1169 357 loco
1206 314 1405 369 pluribus

57 385 275 429 disseram.
316 385 511 429 codicum
529 384 706 427 illorum
732 385 898 428 scholia
917 385 986 427 his
1004 385 1122 427 notis
1144 385 1406 441 significauit

115 457 150 499 P
171 478 226 492 =
248 457 410 500 scholia
435 457 527 499 cod.
550 455 586 498 P
618 457 852 505 maximam
877 460 1046 513 partem
1072 456 1272 513 margini,
1301 471 1408 499 non-

167 528 288 571 nulla
311 532 458 571 tamen
484 543 616 584 eaque
643 528 731 571 fere
756 528 956 585 longiora
980 528 1025 570 in
1045 528 1130 570 fine
1153 528 1255 570 libri
1275 543 1406 570 manu

167 600 308 656 prima
339 600 569 656 adscripta.

101 669 154 713 P²
174 692 228 706 =
255 671 340 713 tria
391 671 556 714 scholia
605 671 796 714 eiusdem
847 672 936 714 cod.
990 686 1118 714 manu
1169 671 1408 714 recentiore

170 757 276 785 saec.
309 742 391 785 XV
423 743 595 798 scripta.

59 813 224 856 Vat.=
246 814 409 856 scholia
440 815 529 857 cod.
562 813 661 856 Uat.
693 829 823 856 manu
861 814 1002 870 prima
1039 815 1220 871 scripta,
1259 815 1407 857 eadem

171 885 372 941 longiora
402 888 531 940 atque
562 885 639 928 illa
664 885 823 928 codicis
849 885 884 927 P
914 886 960 928 in
985 886 1070 928 fine
1096 886 1198 928 libri
1223 888 1409 929 exarata.

132 971 158 998 v
179 977 232 990 =
255 956 420 999 scholia
450 957 542 999 cod.
567 972 594 999 v
626 971 755 999 manu
788 957 938 1000 subtili
970 971 1078 999 saec.
1104 956 1186 999 XV
1213 955 1259 1015 (v
1284 973 1339 999 m.
1359 956 1407 1015 2)

171 1027 342 1083 scripta.

124 1099 152 1140 b
173 1119 228 1133 =
250 1099 333 1141 duo
367 1099 530 1141 scholia
561 1099 652 1141 cod.
678 1099 706 1140 b
739 1114 871 1141 manu
901 1100 1139 1142 recentiore
1172 1100 1346 1155 scripta.

127 1185 149 1211 z
173 1191 228 1205 =
256 1169 419 1213 scholia
451 1170 541 1212 cod.
568 1186 589 1212 z
621 1185 753 1212 manu
782 1171 927 1226 prima
957 1171 1119 1227 partim
1142 1171 1190 1213 in
1215 1171 1410 1227 margine

175 1240 355 1297 scripta,
384 1241 544 1296 partim
574 1241 769 1283 Euclidis
800 1241 945 1284 uerbis
976 1242 1245 1298 interposita.

96 1309 148 1354 Ο1
173 1332 229 1346 --·-
256 1312 420 1354 scholia
457 1312 545 1354 cod.
579 1311 718 1354 Uatic.
757 1311 829 1354 Gr.
864 1313 945 1355 191
987 1328 1095 1356 saec.
1126 1313 1410 1356 XIII—XIV

171 1398 301 1424 manu
339 1397 445 1425 saec.
481 1382 563 1425 XV
602 1383 924 1426 definitionibus
969 1387 1013 1426 et
1051 1385 1217 1427 duabus
1255 1385 1408 1441 primis

171 1454 542 1510 propositionibus
575 1454 802 1510 adscripta.

98 1523 150 1567 02
171 1545 224 1559 ==
247 1524 412 1567 scholia
444 1525 634 1567 eiusdem
666 1525 826 1568 codicis
859 1541 909 1568 ea
933 1541 1065 1569 manu
1091 1528 1264 1583 scripta,
1301 1542 1409 1583 quae

177 1595 334 1638 codicis
365 1596 562 1652 pinacem
595 1596 798 1646 confecit;
829 1612 963 1639 unum
989 1596 1072 1655 (nr.
1095 1597 1168 1656 11)
1196 1602 1298 1654 post
1323 1599 1413 1641 Ma-

173 1667 316 1709 rinum
347 1667 421 1709 fol.
447 1668 526 1710 30¹²
556 1668 729 1724 legitur.

132 1738 148 1779 1
175 1759 229 1772 =
257 1738 422 1781 scholia
447 1739 536 1781 cod.
561 1739 842 1782 Laurentiani
868 1739 1076 1796 XXVIII,
1108 1742 1135 1783 2
1168 1756 1276 1783 saec.
1305 1740 1412 1783 XIII

175 1809 337 1853 ——XIV
356 1825 487 1852 manu
506 1810 645 1865 prima
666 1810 837 1866 scripta.
881 1812 980 1854 inde
1001 1827 1026 1854 a
1049 1812 1215 1855 scholio
1240 1828 1303 1855 nr.
1327 1815 1411 1856 124

176 1880 388 1936 scriptura
430 1881 481 1922 fit
523 1881 824 1937 neglegentior
867 1897 1008 1938 neque
1044 1885 1192 1925 tamen
1229 1884 1410 1927 alteram

174 1966 350 1994 manum
381 1952 620 2007 perrexisse
653 1952 892 1994 statuerim.
942 1953 989 1994 in
1019 1954 1104 1995 fine
1135 1954 1236 1996 libri
1262 1956 1410 1998 eadem

178 2022 341 2064 scholia
373 2037 480 2079 quae
510 2022 545 2064 P
575 2023 719 2065 habet.
1257 2026 1260 2028 ’

126 2091 161 2134 12
181 2113 236 2127 --
257 2093 420 2135 scholia
452 2093 641 2136 eiusdem
674 2094 764 2137 cod.
790 2109 920 2136 manu
953 2093 1004 2137 Ο2
1036 2096 1125 2138 cod.
1154 2095 1298 2140 Uatic.
1327 2098 1407 2140 191

178 2163 347 2219 scripta.

135 2238 161 2277 λ
177 2256 231 2269 =
247 2234 411 2277 scholia
430 2236 520 2278 cod.
540 2235 822 2279 Laurentiani
841 2237 1044 2294 XXVIII,
1058 2240 1082 2282 8
1105 2253 1211 2282 saec.
1226 2239 1346 2295 XIV3
1372 2256 1411 2282 u.

176 2305 381 2362 Heiberg,
402 2305 483 2349 Om
497 2305 745 2349 Scholierne
766 2308 816 2350 til
830 2309 1006 2352 Euclids
1021 2309 1270 2353 Elementer
1289 2327 1327 2367 p.
1343 2311 1412 2354 54.
