1520 2508
639 76 777 111 DATA.
1299 73 1383 116 105

1061 146 1063 149 -
1396 132 1419 154 ,ὓ

46 177 166 219 datus
192 177 269 230 est,
294 173 366 229 qui
391 173 649 228 relinquitur
674 177 700 222 l,
718 174 842 214 ΓΑΔ
867 171 993 214 datus
1019 171 1101 213 erit
1127 170 1266 226 [prop.
1289 168 1383 224 IV].

44 261 190 289 uerum
220 245 350 287 etiam
382 248 409 294 L
430 245 555 286 ΓΔΑ
587 243 712 285 datus
744 245 828 298 est3
862 257 964 284 nam
994 245 1136 284 rectus
1168 243 1244 283 est.
1306 239 1386 281 ita-

45 331 124 373 que
152 315 341 371 reliquus
373 319 399 364 l,
419 316 551 356 ΛΓΔ
582 314 708 355 datus
735 316 800 355 est
827 312 880 369 [I7
905 313 981 364 323
1012 326 1162 368 propp.
1187 310 1266 366 III,
1290 309 1384 365 IV].

45 401 172 443 quare
206 386 252 431 Δ
278 390 320 428 A
329 387 410 427 ΓΔ
447 385 572 427 datus
611 387 679 426 est
716 384 856 439 specie
898 383 1036 438 [prop.
1068 382 1177 437 XL]
1237 381 1385 436 itaque

45 457 152 500 ratio
186 459 264 499 ΓΑ
282 472 291 498 :
312 460 399 498 AA
430 456 531 498 data
562 457 628 497 est
660 454 760 509 [def.
789 454 846 509 3]
911 454 985 495 sed
1015 453 1127 495 ratio
1160 456 1248 494 ΔΑ
1267 467 1276 493 :
1297 454 1385 494 AB

0 515 4 581 1
45 529 143 571 data
190 530 265 570 est.
353 541 483 582 quare
533 525 664 568 etiam
712 525 824 567 ratio
876 527 961 567 ΓΑ
987 539 995 565 :
1021 527 1115 566 AB
1171 525 1272 565 data
1321 525 1387 564 est

0 618 3 641 ι
47 599 181 655 [prop.
206 597 342 653 VHI]
405 600 448 639 et
479 597 580 638 data
611 598 677 637 est
708 598 803 637 BA.
865 609 968 651 ergo
1000 595 1132 636 etiam
1163 598 1206 636 A
1215 595 1257 636 Γ
1288 595 1388 636 data

0 689 1 698 2
46 672 110 712 est
141 669 276 724 [prop.
305 667 382 722 11].
443 669 486 708 et
518 669 583 708 est
614 665 800 707 latitudo
832 665 963 720 spatii
995 664 1208 720 adplicati.

632 794 787 837 LVIII.

132 878 178 922 Si
209 880 355 921 datum
386 878 574 933 spatium
606 877 729 918 datae
755 880 896 919 rectae
922 876 1161 932 adplicatur
1186 876 1386 919 deficiens

43 951 181 1006 figura
217 949 355 1004 specie
389 949 504 1003 data,
540 947 791 989 latitudines
831 946 961 1002 spatii
993 947 1230 989 deficientis
1262 948 1386 989 datae

47 1024 158 1063 sunt.

131 1106 233 1132 nam
265 1091 412 1132 datum
445 1089 633 1144 spatium
663 1090 756 1130 ΛΓ
781 1089 905 1130 datae
934 1092 1022 1130 ΛΑ
1053 1088 1290 1143 adplicetur
1321 1088 1389 1130 de-

44 1162 191 1203 ficiens
215 1161 354 1217 figura
380 1159 518 1214 specie
542 1159 641 1200 data
662 1160 752 1200 ΓΔ.
799 1158 906 1213 dieo,
930 1160 1157 1214 utramque
1185 1160 1284 1213 ΒΓ,
1304 1161 1388 1200 ΒΔ

652 1229 796 1270 datam
829 1243 932 1270 esse.

285 1299 340 1331 11
452 1296 490 1331 Θ
554 1305 582 1337 Ζ
729 1301 896 1341 secetur
928 1298 1041 1340 6111111
1073 1302 1167 1340 ΛΔ
1203 1299 1249 1340 111
1281 1299 1386 1341 duas

465 1351 468 1369 Ι
649 1372 793 1424 partes
832 1369 1030 1424 aequales
1067 1369 1114 1410 111
1144 1372 1305 1424 puncto
1338 1373 1387 1411 E.

648 1440 795 1494 itaque
821 1440 920 1482 data
946 1443 1012 1482 est
1037 1444 1127 1482 EA
1153 1440 1292 1495 [prop.
1312 1440 1386 1495 II].

650 1513 693 1551 et
740 1513 1015 1553 construatur
1061 1511 1108 1553 in
1150 1514 1241 1553 EA
1282 1512 1390 1567 figu-

650 1595 721 1622 rae
760 1583 847 1622 ΓΔ
891 1581 1044 1623 similis
1095 1584 1138 1624 et
1187 1581 1388 1624 similiter

649 1650 792 1705 posita
843 1652 983 1707 figura
1030 1652 1253 1694 rectilinea
1301 1655 1387 1694 ΕΖ

463 1772 466 1791 Ι
505 1730 536 1793 χ
651 1721 756 1777 [VI‚
794 1721 893 1777 18],
939 1725 982 1764 et
1025 1723 1293 1764 describatur
1341 1723 1388 1764 fi-

53 1805 92 1839 A
282 1808 329 1841 E
430 1811 475 1844 B
509 1810 553 1845 Α
650 1806 768 1847 gura.
835 1792 981 1847 itaque
1013 1793 1145 1835 etiam
1171 1797 1213 1834 E
1220 1797 1256 1834 Z
1288 1793 1388 1834 data

649 1865 715 1904 est
735 1863 874 1918 speeie
902 1863 1002 1918 [def.
1024 1864 1082 1918 3].
1118 1867 1162 1905 et
1182 1864 1386 1919 quoniam

43 1926 93 1968 in
129 1927 227 1969 data
262 1932 378 1971 recta
414 1933 503 1971 EA
545 1931 684 1986 figura
722 1934 860 1988 speeie
899 1934 1000 1975 data
1037 1937 1285 1976 constructa
1322 1938 1388 1976 est

48 1999 150 2052 ΕΖ,
197 2001 280 2040 ΕΖ
318 1999 416 2042 data
458 2002 540 2044 erit
577 2003 873 2059 magnitudine
912 2004 1050 2060 [prop.
1076 2004 1186 2060 LII]
1247 2008 1290 2047 et
1322 2008 1388 2047 est

47 2069 131 2108 EZ
150 2088 205 2102 =
224 2071 381 2123 ΛΓ-Ι-
403 2073 492 2114 ΚΘ
523 2072 574 2128 [I,
594 2074 668 2129 363
699 2073 773 2129 VI,
794 2075 868 2129 263
899 2074 932 2130 Ι,
951 2075 1040 2130 43].
1103 2090 1233 2130 quare
1257 2076 1388 2117 etiam

47 2141 90 2179 A
99 2139 205 2191 Γ-Ι-
227 2141 316 2181 ΚΘ
346 2141 467 2184 datae
494 2147 594 2185 sunt
619 2144 915 2199 magnitudine
945 2145 1044 2200 [def.
1074 2146 1130 2201 1].
1180 2149 1224 2188 et
1248 2147 1389 2202 figura

93 2246 153 2335 Ξὲ]
173 2246 223 2325 ξιξ
243 2242 347 2325 ἕξει]
373 2256 442 2282 0111.
462 2246 498 2283 b.
595 2252 651 2283 23.
680 2250 765 2295 EZ]
795 2251 865 2285 ΘΖ
883 2249 968 2285 Vat.
1068 2254 1122 2286 24.
1149 2250 1235 2298 καί]
1261 2262 1330 2286 om.
1352 2263 1387 2287 v.
