<?xml version="1.0" encoding="UTF-8"?>
<!DOCTYPE html PUBLIC "-//W3C//DTD XHTML 1.0 Transitional//EN"
    "http://www.w3.org/TR/xhtml1/DTD/xhtml1-transitional.dtd">
<html xmlns="http://www.w3.org/1999/xhtml" xml:lang="en" lang="en">
 <head>
  <title>
</title>
<meta http-equiv="Content-Type" content="text/html;charset=utf-8" />
  <meta name='ocr-system' content='tesseract 3.04.00' />
  <meta name='ocr-capabilities' content='ocr_page ocr_carea ocr_par ocr_line ocrx_word'/>
</head>
<body>
  <div class='ocr_page' id='page_1' title='image "./euclidisoperaomn06eucluoft_0131.png"; bbox 0 0 1520 2508; ppageno 0'>
   <div class='ocr_carea' id='block_1_1' title="bbox 608 85 1354 128">
    <p class='ocr_par' dir='ltr' id='par_1_1' title="bbox 608 85 1354 128">
     <span class='ocr_line' id='line_1_1' title="bbox 608 85 1354 128; baseline 0.005 -4"><span class='ocrx_word' id='word_1_1' title='bbox 608 91 746 126; x_wconf 80' lang='lat' dir='ltr'>DATA.</span> <span class='ocrx_word' id='word_1_2' title='bbox 1297 85 1354 128; x_wconf 85' lang='lat'>65</span> 
     </span>
    </p>
   </div>
   <div class='ocr_carea' id='block_1_2' title="bbox 17 187 1358 443">
    <p class='ocr_par' dir='ltr' id='par_1_2' title="bbox 17 187 1358 388">
     <span class='ocr_line' id='line_1_2' title="bbox 67 187 1356 242; baseline -0.007 -6"><span class='ocrx_word' id='word_1_3' title='bbox 67 207 70 210; x_wconf 77' lang='grc'>’</span> <span class='ocrx_word' id='word_1_4' title='bbox 101 194 292 236; x_wconf 85' lang='lat' dir='ltr'>sumatur</span> <span class='ocrx_word' id='word_1_5' title='bbox 322 188 435 231; x_wconf 91' lang='lat' dir='ltr'>enim</span> <span class='ocrx_word' id='word_1_6' title='bbox 465 187 511 229; x_wconf 87' lang='lat' dir='ltr'>in</span> <span class='ocrx_word' id='word_1_7' title='bbox 541 190 660 229; x_wconf 87' lang='lat' dir='ltr'>recta</span> <span class='ocrx_word' id='word_1_8' title='bbox 685 189 772 228; x_wconf 89' lang='lat' dir='ltr'><em>AB</em></span> <span class='ocrx_word' id='word_1_9' title='bbox 807 187 956 229; x_wconf 87' lang='lat' dir='ltr'>datum</span> <span class='ocrx_word' id='word_1_10' title='bbox 986 188 1196 242; x_wconf 86' lang='lat' dir='ltr'>punctum</span> <span class='ocrx_word' id='word_1_11' title='bbox 1222 189 1273 240; x_wconf 86' lang='lat' dir='ltr'><em>A,</em></span> <span class='ocrx_word' id='word_1_12' title='bbox 1312 189 1356 228; x_wconf 91' lang='lat' dir='ltr'>et</span> 
     </span>
     <span class='ocr_line' id='line_1_3' title="bbox 17 257 1355 313; baseline -0.007 -5"><span class='ocrx_word' id='word_1_13' title='bbox 17 265 190 308; x_wconf 81' lang='lat' dir='ltr'>ducatur</span> <span class='ocrx_word' id='word_1_14' title='bbox 219 261 272 303; x_wconf 92' lang='lat' dir='ltr'>ab</span> <span class='ocrx_word' id='word_1_15' title='bbox 305 262 345 302; x_wconf 88' lang='lat' dir='ltr'><em>A</em></span> <span class='ocrx_word' id='word_1_16' title='bbox 382 260 435 302; x_wconf 86' lang='lat' dir='ltr'>ad</span> <span class='ocrx_word' id='word_1_17' title='bbox 468 260 547 301; x_wconf 91' lang='grc' dir='ltr'>ΓΔ</span> <span class='ocrx_word' id='word_1_18' title='bbox 583 257 948 313; x_wconf 80' lang='lat' dir='ltr'>perpendicularis</span> <span class='ocrx_word' id='word_1_19' title='bbox 982 260 1086 300; x_wconf 91' lang='lat' dir='ltr'>AN.</span> <span class='ocrx_word' id='word_1_20' title='bbox 1151 257 1355 313; x_wconf 88' lang='lat' dir='ltr'>quoniam</span> 
     </span>
     <span class='ocr_line' id='line_1_4' title="bbox 18 328 1358 388; baseline -0.004 -11"><span class='ocrx_word' id='word_1_21' title='bbox 18 349 43 378; x_wconf 86' lang='lat' dir='ltr'>a</span> <span class='ocrx_word' id='word_1_22' title='bbox 71 334 167 376; x_wconf 85' lang='lat' dir='ltr'>dato</span> <span class='ocrx_word' id='word_1_23' title='bbox 196 333 355 388; x_wconf 88' lang='lat' dir='ltr'>puncto</span> <span class='ocrx_word' id='word_1_24' title='bbox 383 332 423 372; x_wconf 88' lang='lat' dir='ltr'><em>A</em></span> <span class='ocrx_word' id='word_1_25' title='bbox 454 330 506 371; x_wconf 87' lang='lat' dir='ltr'>ad</span> <span class='ocrx_word' id='word_1_26' title='bbox 530 331 693 371; x_wconf 87' lang='lat' dir='ltr'>rectam</span> <span class='ocrx_word' id='word_1_27' title='bbox 718 328 934 383; x_wconf 74' lang='lat' dir='ltr'>positione</span> <span class='ocrx_word' id='word_1_28' title='bbox 961 329 1107 371; x_wconf 85' lang='lat' dir='ltr'>datam</span> <span class='ocrx_word' id='word_1_29' title='bbox 1128 331 1208 371; x_wconf 88' lang='grc' dir='ltr'>ΓΔ</span> <span class='ocrx_word' id='word_1_30' title='bbox 1239 331 1358 371; x_wconf 80' lang='lat' dir='ltr'>recta</span> 
     </span>
    </p>

    <p class='ocr_par' dir='ltr' id='par_1_3' title="bbox 692 399 1357 443">
     <span class='ocr_line' id='line_1_5' title="bbox 692 399 1357 443; baseline 0.002 -2"><span class='ocrx_word' id='word_1_31' title='bbox 692 399 806 442; x_wconf 89' lang='lat' dir='ltr'>linea</span> <span class='ocrx_word' id='word_1_32' title='bbox 837 401 966 442; x_wconf 88' lang='lat' dir='ltr'>ducta</span> <span class='ocrx_word' id='word_1_33' title='bbox 991 404 1057 442; x_wconf 91' lang='lat' dir='ltr'>est</span> <span class='ocrx_word' id='word_1_34' title='bbox 1083 403 1183 443; x_wconf 92' lang='lat' dir='ltr'><em>AN</em></span> <span class='ocrx_word' id='word_1_35' title='bbox 1208 401 1357 442; x_wconf 89' lang='lat' dir='ltr'>datum</span> 
     </span>
    </p>
   </div>
   <div class='ocr_carea' id='block_1_3' title="bbox 374 576 590 584">
    <p class='ocr_par' dir='ltr' id='par_1_4' title="bbox 374 576 590 584">
     <span class='ocr_line' id='line_1_6' title="bbox 374 576 590 584; baseline 0 1924"><span class='ocrx_word' id='word_1_36' title='bbox 374 576 590 584; x_wconf 95' lang='lat' dir='ltr'> </span> 
     </span>
    </p>
   </div>
   <div class='ocr_carea' id='block_1_4' title="bbox 31 451 1367 669">
    <p class='ocr_par' dir='ltr' id='par_1_5' title="bbox 31 451 1367 669">
     <span class='ocr_line' id='line_1_7' title="bbox 35 451 1359 576; baseline 0.002 -64"><span class='ocrx_word' id='word_1_37' title='bbox 35 451 628 576; x_wconf 42' lang='grc' dir='ltr'>Αν--ῩΕᾸ-ᾗζέ-Β</span> <span class='ocrx_word' id='word_1_38' title='bbox 692 471 882 513; x_wconf 85' lang='lat' dir='ltr'>efficiens</span> <span class='ocrx_word' id='word_1_39' title='bbox 939 471 1146 528; x_wconf 82' lang='lat' dir='ltr'>angulum</span> <span class='ocrx_word' id='word_1_40' title='bbox 1199 474 1303 514; x_wconf 93' lang='lat' dir='ltr'><em>AN</em></span> <span class='ocrx_word' id='word_1_41' title='bbox 1304 475 1359 526; x_wconf 85' lang='lat' dir='ltr'><em>A,</em></span> 
     </span>
     <span class='ocr_line' id='line_1_8' title="bbox 31 536 1367 608; baseline 0.001 -25"><span class='ocrx_word' id='word_1_42' title='bbox 31 569 70 608; x_wconf 70' lang='grc' dir='ltr'>Θ</span> <span class='ocrx_word' id='word_1_43' title='bbox 231 536 370 606; x_wconf 48' lang='grc' dir='ltr'>Γρξ</span> <span class='ocrx_word' id='word_1_44' title='bbox 581 565 625 599; x_wconf 69' lang='lat' dir='ltr'><em>K</em></span> <span class='ocrx_word' id='word_1_45' title='bbox 694 542 911 598; x_wconf 72' lang='lat' dir='ltr'>positione</span> <span class='ocrx_word' id='word_1_46' title='bbox 970 543 1071 584; x_wconf 87' lang='lat' dir='ltr'>data</span> <span class='ocrx_word' id='word_1_47' title='bbox 1127 543 1210 584; x_wconf 79' lang='lat' dir='ltr'>erit</span> <span class='ocrx_word' id='word_1_48' title='bbox 1266 545 1367 585; x_wconf 92' lang='lat' dir='ltr'>AN</span> 
     </span>
     <span class='ocr_line' id='line_1_9' title="bbox 210 591 1358 669; baseline 0.001 -15"><span class='ocrx_word' id='word_1_49' title='bbox 210 593 283 654; x_wconf 58' lang='grc' dir='ltr'>ΧΗ</span> <span class='ocrx_word' id='word_1_50' title='bbox 366 591 425 654; x_wconf 59' lang='lat' dir='ltr'>[M</span> <span class='ocrx_word' id='word_1_51' title='bbox 692 614 831 669; x_wconf 86' lang='lat' dir='ltr'>[prop.</span> <span class='ocrx_word' id='word_1_52' title='bbox 851 613 1006 668; x_wconf 67' lang='lat' dir='ltr'>XXX}</span> <span class='ocrx_word' id='word_1_53' title='bbox 1049 614 1122 655; x_wconf 87' lang='lat' dir='ltr'>sed</span> <span class='ocrx_word' id='word_1_54' title='bbox 1141 613 1358 669; x_wconf 71' lang='lat' dir='ltr'>positione</span> 
     </span>
    </p>
   </div>
   <div class='ocr_carea' id='block_1_5' title="bbox 23 655 1359 770">
    <p class='ocr_par' dir='ltr' id='par_1_6' title="bbox 23 655 1359 770">
     <span class='ocr_line' id='line_1_10' title="bbox 23 655 1359 770; baseline -0.003 -40"><span class='ocrx_word' id='word_1_55' title='bbox 23 655 628 770; x_wconf 31' lang='grc' dir='ltr'>Τύρῳ-Δ</span> <span class='ocrx_word' id='word_1_56' title='bbox 693 685 825 728; x_wconf 88' lang='lat' dir='ltr'>etiam</span> <span class='ocrx_word' id='word_1_57' title='bbox 859 687 939 727; x_wconf 88' lang='grc' dir='ltr'>ΓΔ</span> <span class='ocrx_word' id='word_1_58' title='bbox 976 685 1075 726; x_wconf 88' lang='lat' dir='ltr'>data</span> <span class='ocrx_word' id='word_1_59' title='bbox 1113 688 1190 727; x_wconf 91' lang='lat' dir='ltr'>est.</span> <span class='ocrx_word' id='word_1_60' title='bbox 1256 699 1359 741; x_wconf 84' lang='lat' dir='ltr'>ergo</span> 
     </span>
    </p>
   </div>
   <div class='ocr_carea' id='block_1_6' title="bbox 19 733 1368 1452">
    <p class='ocr_par' dir='ltr' id='par_1_7' title="bbox 19 733 1368 1452">
     <span class='ocr_line' id='line_1_11' title="bbox 341 733 1361 812; baseline -0.004 -11"><span class='ocrx_word' id='word_1_61' title='bbox 341 733 392 767; x_wconf 73' lang='lat' dir='ltr'><em>N</em></span> <span class='ocrx_word' id='word_1_62' title='bbox 694 760 904 812; x_wconf 87' lang='lat' dir='ltr'>punctum</span> <span class='ocrx_word' id='word_1_63' title='bbox 968 759 1020 798; x_wconf 95' lang='lat' dir='ltr'><strong><em>N</em></strong></span> <span class='ocrx_word' id='word_1_64' title='bbox 1081 756 1230 798; x_wconf 86' lang='lat' dir='ltr'>datum</span> <span class='ocrx_word' id='word_1_65' title='bbox 1295 758 1361 797; x_wconf 87' lang='lat' dir='ltr'>est</span> 
     </span>
     <span class='ocr_line' id='line_1_12' title="bbox 19 827 1362 888; baseline -0.004 -14"><span class='ocrx_word' id='word_1_66' title='bbox 19 831 152 888; x_wconf 89' lang='lat' dir='ltr'>[prop.</span> <span class='ocrx_word' id='word_1_67' title='bbox 171 829 321 885; x_wconf 74' lang='lat' dir='ltr'>XXV]</span> <span class='ocrx_word' id='word_1_68' title='bbox 368 845 518 872; x_wconf 87' lang='lat' dir='ltr'>uerum</span> <span class='ocrx_word' id='word_1_69' title='bbox 544 829 676 871; x_wconf 89' lang='lat' dir='ltr'>etiam</span> <span class='ocrx_word' id='word_1_70' title='bbox 701 831 743 870; x_wconf 93' lang='lat' dir='ltr'><em>A</em></span> <span class='ocrx_word' id='word_1_71' title='bbox 768 829 916 870; x_wconf 89' lang='lat' dir='ltr'>datum</span> <span class='ocrx_word' id='word_1_72' title='bbox 943 830 1020 869; x_wconf 89' lang='lat' dir='ltr'>est.</span> <span class='ocrx_word' id='word_1_73' title='bbox 1068 827 1217 882; x_wconf 89' lang='lat' dir='ltr'>itaque</span> <span class='ocrx_word' id='word_1_74' title='bbox 1243 829 1362 869; x_wconf 87' lang='lat' dir='ltr'>recta</span> 
     </span>
     <span class='ocr_line' id='line_1_13' title="bbox 21 897 1365 957; baseline -0.004 -12"><span class='ocrx_word' id='word_1_75' title='bbox 21 905 115 945; x_wconf 95' lang='lat' dir='ltr'><em>AN</em></span> <span class='ocrx_word' id='word_1_76' title='bbox 134 902 233 944; x_wconf 86' lang='lat' dir='ltr'>data</span> <span class='ocrx_word' id='word_1_77' title='bbox 252 904 317 944; x_wconf 90' lang='lat' dir='ltr'>est</span> <span class='ocrx_word' id='word_1_78' title='bbox 337 901 475 957; x_wconf 90' lang='lat' dir='ltr'>[prop.</span> <span class='ocrx_word' id='word_1_79' title='bbox 492 900 670 955; x_wconf 68' lang='lat' dir='ltr'>XXVI]</span> <span class='ocrx_word' id='word_1_80' title='bbox 715 903 758 941; x_wconf 87' lang='lat' dir='ltr'>et</span> <span class='ocrx_word' id='word_1_81' title='bbox 785 898 990 955; x_wconf 85' lang='lat' dir='ltr'>quoniam</span> <span class='ocrx_word' id='word_1_82' title='bbox 1008 897 1121 940; x_wconf 88' lang='lat' dir='ltr'>ratio</span> <span class='ocrx_word' id='word_1_83' title='bbox 1145 900 1256 940; x_wconf 90' lang='lat' dir='ltr'>ZH:</span> <span class='ocrx_word' id='word_1_84' title='bbox 1271 900 1365 939; x_wconf 91' lang='lat' dir='ltr'>HE</span> 
     </span>
     <span class='ocr_line' id='line_1_14' title="bbox 19 968 1362 1025; baseline -0.004 -9"><span class='ocrx_word' id='word_1_85' title='bbox 19 975 117 1016; x_wconf 77' lang='lat' dir='ltr'>data</span> <span class='ocrx_word' id='word_1_86' title='bbox 157 976 222 1015; x_wconf 88' lang='lat' dir='ltr'>est</span> <span class='ocrx_word' id='word_1_87' title='bbox 265 976 308 1014; x_wconf 90' lang='lat' dir='ltr'>et</span> <span class='ocrx_word' id='word_1_88' title='bbox 353 974 469 1014; x_wconf 91' lang='lat' dir='ltr'>ZH:</span> <span class='ocrx_word' id='word_1_89' title='bbox 490 975 657 1014; x_wconf 91' lang='lat' dir='ltr'>HE=</span> <span class='ocrx_word' id='word_1_90' title='bbox 677 973 811 1013; x_wconf 95' lang='lat' dir='ltr'>NM:</span> <span class='ocrx_word' id='word_1_91' title='bbox 832 972 933 1012; x_wconf 88' lang='lat' dir='ltr'>MA</span> <span class='ocrx_word' id='word_1_92' title='bbox 977 969 1082 1025; x_wconf 81' lang='lat' dir='ltr'>[VI,</span> <span class='ocrx_word' id='word_1_93' title='bbox 1115 969 1182 1025; x_wconf 75' lang='lat'>2],</span> <span class='ocrx_word' id='word_1_94' title='bbox 1231 968 1362 1011; x_wconf 88' lang='lat' dir='ltr'>etiam</span> 
     </span>
     <span class='ocr_line' id='line_1_15' title="bbox 19 1039 1364 1097; baseline -0.004 -11"><span class='ocrx_word' id='word_1_95' title='bbox 19 1044 128 1086; x_wconf 81' lang='lat' dir='ltr'>ratio</span> <span class='ocrx_word' id='word_1_96' title='bbox 159 1046 209 1086; x_wconf 96' lang='lat' dir='ltr'><em>N</em></span> <span class='ocrx_word' id='word_1_97' title='bbox 210 1046 268 1085; x_wconf 93' lang='lat' dir='ltr'><em>M</em></span> <span class='ocrx_word' id='word_1_98' title='bbox 280 1059 288 1084; x_wconf 93' lang='lat'><strong>:</strong></span> <span class='ocrx_word' id='word_1_99' title='bbox 309 1045 409 1085; x_wconf 89' lang='lat' dir='ltr'>MA</span> <span class='ocrx_word' id='word_1_100' title='bbox 440 1043 541 1085; x_wconf 86' lang='lat' dir='ltr'>data</span> <span class='ocrx_word' id='word_1_101' title='bbox 572 1042 654 1084; x_wconf 88' lang='lat' dir='ltr'>erit</span> <span class='ocrx_word' id='word_1_102' title='bbox 685 1041 785 1097; x_wconf 83' lang='lat' dir='ltr'>[def.</span> <span class='ocrx_word' id='word_1_103' title='bbox 807 1040 870 1095; x_wconf 80' lang='lat'>2].</span> <span class='ocrx_word' id='word_1_104' title='bbox 925 1055 1056 1095; x_wconf 86' lang='lat' dir='ltr'>quare</span> <span class='ocrx_word' id='word_1_105' title='bbox 1088 1040 1219 1082; x_wconf 86' lang='lat' dir='ltr'>etiam</span> <span class='ocrx_word' id='word_1_106' title='bbox 1251 1039 1364 1081; x_wconf 88' lang='lat' dir='ltr'>ratio</span> 
     </span>
     <span class='ocr_line' id='line_1_16' title="bbox 21 1111 1365 1169; baseline -0.004 -12"><span class='ocrx_word' id='word_1_107' title='bbox 21 1116 253 1157; x_wconf 77' lang='lat' dir='ltr'><em>NAzMA</em></span> <span class='ocrx_word' id='word_1_108' title='bbox 295 1115 396 1156; x_wconf 87' lang='lat' dir='ltr'>data</span> <span class='ocrx_word' id='word_1_109' title='bbox 436 1117 503 1155; x_wconf 88' lang='lat' dir='ltr'>est</span> <span class='ocrx_word' id='word_1_110' title='bbox 548 1113 692 1169; x_wconf 86' lang='lat' dir='ltr'>[prop.</span> <span class='ocrx_word' id='word_1_111' title='bbox 724 1111 824 1167; x_wconf 89' lang='lat' dir='ltr'>VI].</span> <span class='ocrx_word' id='word_1_112' title='bbox 901 1112 974 1153; x_wconf 90' lang='lat' dir='ltr'>sed</span> <span class='ocrx_word' id='word_1_113' title='bbox 1018 1112 1117 1153; x_wconf 86' lang='lat' dir='ltr'>data</span> <span class='ocrx_word' id='word_1_114' title='bbox 1162 1114 1227 1153; x_wconf 87' lang='lat' dir='ltr'>est</span> <span class='ocrx_word' id='word_1_115' title='bbox 1265 1113 1365 1153; x_wconf 94' lang='lat' dir='ltr'>NA.</span> 
     </span>
     <span class='ocr_line' id='line_1_17' title="bbox 22 1181 1366 1242; baseline -0.003 -15"><span class='ocrx_word' id='word_1_116' title='bbox 22 1199 121 1242; x_wconf 82' lang='lat' dir='ltr'>ergo</span> <span class='ocrx_word' id='word_1_117' title='bbox 159 1185 288 1227; x_wconf 80' lang='lat' dir='ltr'>etiam</span> <span class='ocrx_word' id='word_1_118' title='bbox 326 1187 431 1227; x_wconf 92' lang='lat' dir='ltr'><em>AM</em></span> <span class='ocrx_word' id='word_1_119' title='bbox 468 1185 569 1226; x_wconf 90' lang='lat' dir='ltr'>data</span> <span class='ocrx_word' id='word_1_120' title='bbox 612 1187 678 1226; x_wconf 90' lang='lat' dir='ltr'>est</span> <span class='ocrx_word' id='word_1_121' title='bbox 723 1183 861 1238; x_wconf 88' lang='lat' dir='ltr'>[prop.</span> <span class='ocrx_word' id='word_1_122' title='bbox 894 1182 970 1237; x_wconf 90' lang='lat' dir='ltr'>II].</span> <span class='ocrx_word' id='word_1_123' title='bbox 1040 1197 1190 1224; x_wconf 91' lang='lat' dir='ltr'>uerum</span> <span class='ocrx_word' id='word_1_124' title='bbox 1235 1181 1366 1224; x_wconf 87' lang='lat' dir='ltr'>etiam</span> 
     </span>
     <span class='ocr_line' id='line_1_18' title="bbox 21 1253 1366 1311; baseline -0.003 -13"><span class='ocrx_word' id='word_1_125' title='bbox 21 1255 231 1311; x_wconf 88' lang='lat' dir='ltr'>positione</span> <span class='ocrx_word' id='word_1_126' title='bbox 257 1256 356 1297; x_wconf 88' lang='lat' dir='ltr'>data</span> <span class='ocrx_word' id='word_1_127' title='bbox 388 1258 463 1297; x_wconf 90' lang='lat' dir='ltr'>est.</span> <span class='ocrx_word' id='word_1_128' title='bbox 525 1258 567 1297; x_wconf 91' lang='lat' dir='ltr'>et</span> <span class='ocrx_word' id='word_1_129' title='bbox 599 1255 746 1296; x_wconf 87' lang='lat' dir='ltr'>datum</span> <span class='ocrx_word' id='word_1_130' title='bbox 779 1256 846 1295; x_wconf 90' lang='lat' dir='ltr'>est</span> <span class='ocrx_word' id='word_1_131' title='bbox 876 1256 1086 1309; x_wconf 87' lang='lat' dir='ltr'>punctum</span> <span class='ocrx_word' id='word_1_132' title='bbox 1118 1255 1175 1309; x_wconf 83' lang='lat' dir='ltr'><em>A3</em></span> <span class='ocrx_word' id='word_1_133' title='bbox 1218 1253 1366 1308; x_wconf 87' lang='lat' dir='ltr'>itaque</span> 
     </span>
     <span class='ocr_line' id='line_1_19' title="bbox 23 1323 1367 1381; baseline -0.002 -13"><span class='ocrx_word' id='word_1_134' title='bbox 23 1325 149 1368; x_wconf 81' lang='lat' dir='ltr'>etiam</span> <span class='ocrx_word' id='word_1_135' title='bbox 174 1329 230 1369; x_wconf 95' lang='lat' dir='ltr'><em>M</em></span> <span class='ocrx_word' id='word_1_136' title='bbox 256 1327 403 1368; x_wconf 86' lang='lat' dir='ltr'>datum</span> <span class='ocrx_word' id='word_1_137' title='bbox 434 1329 501 1368; x_wconf 88' lang='lat' dir='ltr'>est</span> <span class='ocrx_word' id='word_1_138' title='bbox 533 1326 671 1381; x_wconf 88' lang='lat' dir='ltr'>[prop.</span> <span class='ocrx_word' id='word_1_139' title='bbox 698 1324 897 1379; x_wconf 71' lang='lat' dir='ltr'>XXVD]</span> <span class='ocrx_word' id='word_1_140' title='bbox 948 1323 1035 1366; x_wconf 89' lang='lat' dir='ltr'>iam</span> <span class='ocrx_word' id='word_1_141' title='bbox 1062 1324 1265 1379; x_wconf 81' lang='lat' dir='ltr'>quoniam</span> <span class='ocrx_word' id='word_1_142' title='bbox 1290 1338 1367 1379; x_wconf 91' lang='lat' dir='ltr'>per</span> 
     </span>
     <span class='ocr_line' id='line_1_20' title="bbox 23 1395 1368 1452; baseline -0.002 -13"><span class='ocrx_word' id='word_1_143' title='bbox 23 1397 166 1439; x_wconf 74' lang='lat' dir='ltr'>datum</span> <span class='ocrx_word' id='word_1_144' title='bbox 191 1401 399 1452; x_wconf 89' lang='lat' dir='ltr'>punctum</span> <span class='ocrx_word' id='word_1_145' title='bbox 417 1399 476 1438; x_wconf 93' lang='lat' dir='ltr'><em>M</em></span> <span class='ocrx_word' id='word_1_146' title='bbox 499 1399 641 1439; x_wconf 85' lang='lat' dir='ltr'>rectae</span> <span class='ocrx_word' id='word_1_147' title='bbox 666 1395 884 1450; x_wconf 89' lang='lat' dir='ltr'>positione</span> <span class='ocrx_word' id='word_1_148' title='bbox 911 1395 1034 1437; x_wconf 85' lang='lat' dir='ltr'>datae</span> <span class='ocrx_word' id='word_1_149' title='bbox 1057 1397 1137 1437; x_wconf 88' lang='grc' dir='ltr'>ΓΔ</span> <span class='ocrx_word' id='word_1_150' title='bbox 1162 1395 1368 1450; x_wconf 85' lang='lat' dir='ltr'>parallela</span> 
     </span>
    </p>
   </div>
   <div class='ocr_carea' id='block_1_7' title="bbox 22 1465 1368 1594">
    <p class='ocr_par' dir='ltr' id='par_1_8' title="bbox 22 1465 1368 1594">
     <span class='ocr_line' id='line_1_21' title="bbox 22 1465 1368 1523; baseline -0.002 -13"><span class='ocrx_word' id='word_1_151' title='bbox 22 1471 138 1510; x_wconf 86' lang='lat' dir='ltr'>recta</span> <span class='ocrx_word' id='word_1_152' title='bbox 178 1468 293 1510; x_wconf 91' lang='lat' dir='ltr'>linea</span> <span class='ocrx_word' id='word_1_153' title='bbox 336 1469 464 1510; x_wconf 85' lang='lat' dir='ltr'>ducta</span> <span class='ocrx_word' id='word_1_154' title='bbox 507 1471 573 1510; x_wconf 90' lang='lat' dir='ltr'>est</span> <span class='ocrx_word' id='word_1_155' title='bbox 613 1469 711 1523; x_wconf 76' lang='grc' dir='ltr'>ΘΚ,</span> <span class='ocrx_word' id='word_1_156' title='bbox 763 1468 853 1508; x_wconf 83' lang='grc' dir='ltr'>ΘΚ</span> <span class='ocrx_word' id='word_1_157' title='bbox 885 1466 1101 1521; x_wconf 73' lang='lat' dir='ltr'>positione</span> <span class='ocrx_word' id='word_1_158' title='bbox 1144 1466 1244 1508; x_wconf 87' lang='lat' dir='ltr'>data</span> <span class='ocrx_word' id='word_1_159' title='bbox 1286 1465 1368 1508; x_wconf 87' lang='lat' dir='ltr'>erit</span> 
     </span>
     <span class='ocr_line' id='line_1_22' title="bbox 25 1537 409 1594; baseline 0 -14"><span class='ocrx_word' id='word_1_160' title='bbox 25 1537 158 1594; x_wconf 87' lang='lat' dir='ltr'>[prop.</span> <span class='ocrx_word' id='word_1_161' title='bbox 189 1538 409 1593; x_wconf 69' lang='lat' dir='ltr'>XXVIII}</span> 
     </span>
    </p>
   </div>
   <div class='ocr_carea' id='block_1_8' title="bbox 572 1643 813 1686">
    <p class='ocr_par' dir='ltr' id='par_1_9' title="bbox 572 1643 813 1686">
     <span class='ocr_line' id='line_1_23' title="bbox 572 1643 813 1686; baseline 0 -1"><span class='ocrx_word' id='word_1_162' title='bbox 572 1643 813 1686; x_wconf 90' lang='lat' dir='ltr'>XXXVIII.</span> 
     </span>
    </p>
   </div>
   <div class='ocr_carea' id='block_1_9' title="bbox 28 1725 1373 1924">
    <p class='ocr_par' dir='ltr' id='par_1_10' title="bbox 28 1725 1373 1924">
     <span class='ocr_line' id='line_1_24' title="bbox 113 1725 1369 1782; baseline -0.002 -14"><span class='ocrx_word' id='word_1_163' title='bbox 113 1725 157 1768; x_wconf 85' lang='lat' dir='ltr'>Si</span> <span class='ocrx_word' id='word_1_164' title='bbox 188 1727 240 1768; x_wconf 89' lang='lat' dir='ltr'>ad</span> <span class='ocrx_word' id='word_1_165' title='bbox 271 1726 496 1782; x_wconf 87' lang='lat' dir='ltr'>parallelas</span> <span class='ocrx_word' id='word_1_166' title='bbox 527 1730 668 1769; x_wconf 89' lang='lat' dir='ltr'>rectas</span> <span class='ocrx_word' id='word_1_167' title='bbox 699 1726 915 1782; x_wconf 87' lang='lat' dir='ltr'>positione</span> <span class='ocrx_word' id='word_1_168' title='bbox 954 1726 1075 1768; x_wconf 86' lang='lat' dir='ltr'>datas</span> <span class='ocrx_word' id='word_1_169' title='bbox 1107 1728 1226 1767; x_wconf 89' lang='lat' dir='ltr'>recta</span> <span class='ocrx_word' id='word_1_170' title='bbox 1256 1725 1369 1767; x_wconf 90' lang='lat' dir='ltr'>linea</span> 
     </span>
     <span class='ocr_line' id='line_1_25' title="bbox 30 1796 1373 1852; baseline -0.001 -14"><span class='ocrx_word' id='word_1_171' title='bbox 30 1796 220 1851; x_wconf 86' lang='lat' dir='ltr'>ducitur,</span> <span class='ocrx_word' id='word_1_172' title='bbox 275 1797 398 1852; x_wconf 87' lang='lat' dir='ltr'>eique</span> <span class='ocrx_word' id='word_1_173' title='bbox 448 1798 647 1840; x_wconf 86' lang='lat' dir='ltr'>adiicitur</span> <span class='ocrx_word' id='word_1_174' title='bbox 697 1797 840 1852; x_wconf 87' lang='lat' dir='ltr'>aliqua</span> <span class='ocrx_word' id='word_1_175' title='bbox 889 1800 1008 1839; x_wconf 89' lang='lat' dir='ltr'>recta</span> <span class='ocrx_word' id='word_1_176' title='bbox 1056 1796 1270 1838; x_wconf 86' lang='lat' dir='ltr'>rationem</span> <span class='ocrx_word' id='word_1_177' title='bbox 1319 1796 1373 1837; x_wconf 86' lang='lat' dir='ltr'>ad</span> 
     </span>
     <span class='ocr_line' id='line_1_26' title="bbox 28 1866 1371 1924; baseline 0 -16"><span class='ocrx_word' id='word_1_178' title='bbox 28 1880 120 1908; x_wconf 84' lang='lat' dir='ltr'>eam</span> <span class='ocrx_word' id='word_1_179' title='bbox 149 1866 311 1909; x_wconf 87' lang='lat' dir='ltr'>habens</span> <span class='ocrx_word' id='word_1_180' title='bbox 343 1869 505 1924; x_wconf 79' lang='lat' dir='ltr'>datam,</span> <span class='ocrx_word' id='word_1_181' title='bbox 549 1872 592 1910; x_wconf 91' lang='lat' dir='ltr'>et</span> <span class='ocrx_word' id='word_1_182' title='bbox 622 1883 699 1923; x_wconf 88' lang='lat' dir='ltr'>per</span> <span class='ocrx_word' id='word_1_183' title='bbox 729 1867 964 1909; x_wconf 88' lang='lat' dir='ltr'>terminum</span> <span class='ocrx_word' id='word_1_184' title='bbox 994 1867 1124 1908; x_wconf 85' lang='lat' dir='ltr'>rectis</span> <span class='ocrx_word' id='word_1_185' title='bbox 1156 1866 1371 1921; x_wconf 87' lang='lat' dir='ltr'>positione</span> 
     </span>
    </p>
   </div>
   <div class='ocr_carea' id='block_1_10' title="bbox 28 1937 1371 2050">
    <p class='ocr_par' dir='ltr' id='par_1_11' title="bbox 28 1937 1371 2050">
     <span class='ocr_line' id='line_1_27' title="bbox 28 1937 1371 1993; baseline 0.001 -15"><span class='ocrx_word' id='word_1_186' title='bbox 28 1937 137 1979; x_wconf 86' lang='lat' dir='ltr'>datis</span> <span class='ocrx_word' id='word_1_187' title='bbox 163 1938 366 1992; x_wconf 85' lang='lat' dir='ltr'>parallela</span> <span class='ocrx_word' id='word_1_188' title='bbox 383 1942 501 1981; x_wconf 86' lang='lat' dir='ltr'>recta</span> <span class='ocrx_word' id='word_1_189' title='bbox 520 1939 634 1981; x_wconf 88' lang='lat' dir='ltr'>linea</span> <span class='ocrx_word' id='word_1_190' title='bbox 654 1938 836 1993; x_wconf 82' lang='lat' dir='ltr'>ducitur,</span> <span class='ocrx_word' id='word_1_191' title='bbox 863 1938 991 1980; x_wconf 87' lang='lat' dir='ltr'>ducta</span> <span class='ocrx_word' id='word_1_192' title='bbox 1013 1940 1132 1979; x_wconf 83' lang='lat' dir='ltr'>recta</span> <span class='ocrx_word' id='word_1_193' title='bbox 1156 1937 1371 1992; x_wconf 84' lang='lat' dir='ltr'>positione</span> 
     </span>
     <span class='ocr_line' id='line_1_28' title="bbox 31 2007 238 2050; baseline 0.005 -2"><span class='ocrx_word' id='word_1_194' title='bbox 31 2007 131 2048; x_wconf 88' lang='lat' dir='ltr'>data</span> <span class='ocrx_word' id='word_1_195' title='bbox 163 2010 238 2050; x_wconf 91' lang='lat' dir='ltr'>est.</span> 
     </span>
    </p>
   </div>
   <div class='ocr_carea' id='block_1_11' title="bbox 29 2078 1375 2205">
    <p class='ocr_par' dir='ltr' id='par_1_12' title="bbox 29 2078 1375 2205">
     <span class='ocr_line' id='line_1_29' title="bbox 116 2078 1375 2135; baseline 0.001 -16"><span class='ocrx_word' id='word_1_196' title='bbox 116 2091 217 2119; x_wconf 86' lang='lat' dir='ltr'>nam</span> <span class='ocrx_word' id='word_1_197' title='bbox 249 2079 302 2120; x_wconf 84' lang='lat' dir='ltr'>ad</span> <span class='ocrx_word' id='word_1_198' title='bbox 330 2079 555 2133; x_wconf 85' lang='lat' dir='ltr'>parallelas</span> <span class='ocrx_word' id='word_1_199' title='bbox 586 2083 726 2121; x_wconf 88' lang='lat' dir='ltr'>rectas</span> <span class='ocrx_word' id='word_1_200' title='bbox 758 2078 974 2135; x_wconf 86' lang='lat' dir='ltr'>positione</span> <span class='ocrx_word' id='word_1_201' title='bbox 1006 2078 1128 2120; x_wconf 85' lang='lat' dir='ltr'>datas</span> <span class='ocrx_word' id='word_1_202' title='bbox 1160 2083 1203 2121; x_wconf 93' lang='lat' dir='ltr'><em>A</em></span> <span class='ocrx_word' id='word_1_203' title='bbox 1211 2081 1265 2133; x_wconf 84' lang='grc' dir='ltr'>Β,</span> <span class='ocrx_word' id='word_1_204' title='bbox 1294 2081 1375 2121; x_wconf 86' lang='grc' dir='ltr'>ΓΛ</span> 
     </span>
     <span class='ocr_line' id='line_1_30' title="bbox 29 2148 1375 2205; baseline 0.003 -17"><span class='ocrx_word' id='word_1_205' title='bbox 29 2150 146 2189; x_wconf 87' lang='lat' dir='ltr'>recta</span> <span class='ocrx_word' id='word_1_206' title='bbox 175 2148 496 2192; x_wconf 83' lang='lat' dir='ltr'>linea-ducatur</span> <span class='ocrx_word' id='word_1_207' title='bbox 528 2153 629 2202; x_wconf 87' lang='grc' dir='ltr'>ΕΖ,</span> <span class='ocrx_word' id='word_1_208' title='bbox 667 2150 789 2205; x_wconf 80' lang='lat' dir='ltr'>eique</span> <span class='ocrx_word' id='word_1_209' title='bbox 821 2148 1048 2192; x_wconf 87' lang='lat' dir='ltr'>adiiciatur</span> <span class='ocrx_word' id='word_1_210' title='bbox 1081 2149 1225 2205; x_wconf 86' lang='lat' dir='ltr'>aliqua</span> <span class='ocrx_word' id='word_1_211' title='bbox 1255 2153 1375 2192; x_wconf 85' lang='lat' dir='ltr'>recta</span> 
     </span>
    </p>
   </div>
   <div class='ocr_carea' id='block_1_12' title="bbox 35 2253 313 2259">
    <p class='ocr_par' dir='ltr' id='par_1_13' title="bbox 35 2253 313 2259">
     <span class='ocr_line' id='line_1_31' title="bbox 35 2253 313 2259; baseline 0 0"><span class='ocrx_word' id='word_1_212' title='bbox 35 2253 313 2259; x_wconf 95' lang='lat' dir='ltr'> </span> 
     </span>
    </p>
   </div>
   <div class='ocr_carea' id='block_1_13' title="bbox 103 2321 1213 2423">
    <p class='ocr_par' dir='ltr' id='par_1_14' title="bbox 103 2321 1213 2423">
     <span class='ocr_line' id='line_1_32' title="bbox 125 2321 1213 2370; baseline 0.005 -15"><span class='ocrx_word' id='word_1_213' title='bbox 125 2321 166 2355; x_wconf 92' lang='lat' dir='ltr'>In</span> <span class='ocrx_word' id='word_1_214' title='bbox 191 2321 276 2367; x_wconf 87' lang='lat' dir='ltr'>figg.</span> <span class='ocrx_word' id='word_1_215' title='bbox 304 2322 409 2358; x_wconf 85' lang='lat' dir='ltr'>codd.</span> <span class='ocrx_word' id='word_1_216' title='bbox 436 2323 495 2358; x_wconf 86' lang='lat' dir='ltr'>Pv</span> <span class='ocrx_word' id='word_1_217' title='bbox 520 2324 635 2359; x_wconf 87' lang='lat' dir='ltr'>etiam</span> <span class='ocrx_word' id='word_1_218' title='bbox 663 2327 742 2359; x_wconf 92' lang='grc' dir='ltr'>ΕΗ</span> <span class='ocrx_word' id='word_1_219' title='bbox 750 2327 777 2359; x_wconf 94' lang='grc' dir='ltr'>Ζ</span> <span class='ocrx_word' id='word_1_220' title='bbox 801 2324 1119 2370; x_wconf 79' lang='lat' dir='ltr'>perpendicularis</span> <span class='ocrx_word' id='word_1_221' title='bbox 1147 2327 1213 2360; x_wconf 90' lang='lat' dir='ltr'>est.</span> 
     </span>
     <span class='ocr_line' id='line_1_33' title="bbox 103 2386 1160 2423; baseline 0.006 -11"><span class='ocrx_word' id='word_1_222' title='bbox 103 2386 300 2421; x_wconf 75' lang='lat' dir='ltr'>Euclides,</span> <span class='ocrx_word' id='word_1_223' title='bbox 321 2389 388 2415; x_wconf 77' lang='lat' dir='ltr'>edd.</span> <span class='ocrx_word' id='word_1_224' title='bbox 401 2389 537 2422; x_wconf 81' lang='lat' dir='ltr'>Heiberg</span> <span class='ocrx_word' id='word_1_225' title='bbox 556 2392 586 2415; x_wconf 84' lang='lat' dir='ltr'>et</span> <span class='ocrx_word' id='word_1_226' title='bbox 603 2390 722 2423; x_wconf 85' lang='lat' dir='ltr'>Menge.</span> <span class='ocrx_word' id='word_1_227' title='bbox 754 2391 805 2416; x_wconf 86' lang='lat' dir='ltr'>V1.</span> <span class='ocrx_word' id='word_1_228' title='bbox 1141 2388 1160 2418; x_wconf 86' lang='lat'>5</span> 
     </span>
    </p>
   </div>
  </div>
 </body>
</html>
