1520 2508
97 792 140 822 10

96 1135 139 1167 15

95 1481 140 1513 20

96 1826 139 1857 25

166 83 246 125 108
690 83 957 118 ΔΕΔΟΜΕΝΑ.
1432 0 1500 134 3

162 193 221 233 τῳ
264 176 448 231 μεγέθει.
521 178 609 218 ἔστι
647 175 694 218 δὲ
730 175 802 218 καὶ
838 182 896 233 τῷ
933 177 1055 218 εἴδει·
1099 177 1248 230 ὅμοιον
1278 175 1360 231 γάρ
1391 175 1481 229 ἕσις

163 252 221 302 τῷ
249 248 345 287 ΓΒ·
377 251 455 286 τοῦ
480 248 563 286 ΚΛ
593 247 676 300 ἄρα
707 246 755 286 αί
780 243 962 299 πλευραὶ
993 243 1219 298 δεδομέναι
1244 245 1369 286 εἰσίν·
1409 237 1481 315 διινιέΙ

162 318 291 355 θεῖσα
321 315 404 369 ἄρα
436 313 552 355 ἐστὶν
582 314 608 368 ἡ
640 317 684 355 Κ
691 317 740 368 Θ
771 311 832 356 ὧν
862 313 888 367 ἡ
920 316 1011 355 ΚΓ
1034 313 1215 355 δοθεῖσα
1246 313 1378 355 ἐστιν·
1410 307 1485 375 l'oss

163 383 245 438 γαρ
278 383 367 424 ε’στι
398 390 448 438 τῇ
479 386 578 425 ΕΖ·
615 385 742 437 λοιπὴ
774 385 857 439 ἄρα
887 383 913 436 ἡ
946 385 1028 424 ΓΘ
1058 382 1146 424 ἐστι
1177 383 1374 423 δοθεῖσα·
1408 376 1483 436 ud}
1512 379 1514 395 ³

164 453 295 504 λόγον
333 454 416 506 ἔχει
451 454 560 508 πρὸς
595 454 675 506 τὴν
709 455 789 494 ΘΒ
826 451 1032 494 δοθέντα·
1075 453 1256 493 δοθεῖσα
1291 452 1374 506 ἄρα
1407 447 1484 513 u&
1514 499 1516 503 y

163 519 189 573 ἡ
224 524 317 562 ΘΒ.
801 577 851 628 ξ’
1515 529 1517 540 ²

248 645 347 688 Ἐὰν
375 650 823 702 παραλληλόγραμμον
851 648 1085 701 δεδομενον
1109 653 1167 702 τῷ
1194 647 1298 687 εῖδει
1328 644 1399 687 καὶ
1421 650 1483 703 τῷ
1517 672 1520 674 -

163 715 337 769 μεγέθει
369 715 585 772 δεδομένῳ
618 716 808 770 γνώμονι
839 715 1008 771 αὐξηθῇ
1039 715 1065 768 ἣ
1096 719 1282 770 μειωθῇ,
1313 714 1484 785 δέδοταίξ

165 785 217 825 τὰ
247 785 384 838 πλατη
415 791 493 826 τοῦ
524 785 759 839 γνώμονος.

250 856 698 910 παραλληλόγραμμον
728 854 810 909 γὰρ
840 855 888 895 τὸ
914 857 955 894 Α
964 857 1000 894 Β
1032 852 1266 907 δεδομένον
1295 858 1354 908 τῷ
1379 852 1482 894 εἶδεν

163 921 235 963 καὶ
265 929 323 977 τῷ
354 923 527 977 μεγέθει
557 922 762 977 ηὐξήσθω
793 924 1005 977 πρότερον
1041 921 1255 977 δεδομένῳ
1293 921 1484 977 γνώμονιὲ

163 1007 223 1047 τῳ
254 995 426 1034 ΕΓΒΛ
436 995 542 1033 ΖΗ
581 992 703 1046 λέγω,
735 993 800 1034 ὅτι
832 992 1012 1034 δοθεῖσα
1043 992 1159 1033 ἐστιν
1191 989 1366 1045 ἑκατέρα
1396 997 1491 1032 τῶν»-

166 1063 258 1114 ΓΕ,
284 1064 383 1102 ΔΖ.

253 1129 343 1171 ἐπεὶ
367 1131 450 1185 γὰρ
476 1129 611 1171 δοθέν
637 1130 725 1172 ἐστι
750 1131 798 1172 τὸ
818 1133 918 1184 AB,
943 1132 1032 1172 ἔστι
1052 1127 1099 1171 δὲ
1122 1128 1194 1171 καὶ
1218 1129 1240 1171 ὁ
1261 1130 1443 1170 ΕΒΛΗ
1446 1130 1482 1170 Ζ

164 1199 350 1252 γνώμων
389 1200 556 1252 δοθείς,
599 1198 671 1240 καὶ
708 1200 811 1241 ὅλον
848 1201 932 1255 ἄρα
967 1201 1016 1241 τὸ
1047 1202 1147 1240 ΑΗ
1178 1197 1313 1240 δοθέν
1349 1197 1480 1239 ἐστιν·

165 1267 272 1309 ἀλλὰ
302 1266 375 1308 καὶ
404 1274 464 1324 τῷ
497 1268 619 1308 εἴδει·
651 1268 802 1321 ὅμοιον
832 1268 913 1322 γάρ
946 1267 1034 1309 ἐστι
1064 1273 1123 1323 τῷ
1155 1270 1257 1308 ΑΒ·
1288 1272 1366 1307 τοῦ
1391 1265 1485 1307 ΛΗ

164 1338 248 1391 ἄρα
285 1335 513 1390 δεδομέναι
550 1335 660 1377 εἰσὶν
702 1337 750 1377 αἱ
785 1338 987 1391 πλευραί·
1031 1337 1211 1377 δοθεῖσα
1247 1337 1331 1390 ἄρα
1368 1333 1481 1376 ἐστὶν

165 1403 341 1458 ἑκατέρα
370 1411 458 1445 τῶν
489 1408 588 1457 ΑΕ,
614 1409 655 1446 Α
665 1408 710 1446 Ζ.
772 1406 861 1446 ἔστι
891 1402 939 1446 δὲ
968 1404 1040 1446 καὶ
1071 1403 1246 1459 ἑκατέρα
1275 1411 1362 1445 τῶν
1393 1405 1480 1457 ΓΑ,

165 1478 251 1515 ΑΛ
289 1474 486 1515 δοθεῖσα·
531 1474 657 1527 λοιπὴ
695 1474 778 1528 ἄρα
814 1472 990 1528 ἑκατέρα
1026 1480 1112 1515 τῶν
1148 1476 1247 1526 ΕΓ,
1274 1477 1315 1514 A
1325 1476 1360 1514 Z
1396 1472 1482 1514 ἐστι

165 1543 358 1584 δοθεῖσα.
518 1595 522 1600 ι

250 1611 382 1653 πάλιν
413 1612 466 1665 δὴ
497 1613 944 1666 παραλληλόγραμμον
971 1612 1018 1652 τὸ
1044 1613 1143 1652 ΑΗ
1168 1610 1401 1665 δεδομένον
1424 1615 1480 1667 τῷ

165 1681 270 1722 εἴδει
312 1679 383 1722 καὶ
429 1686 487 1736 τῷ
527 1679 700 1734 μεγέθει
739 1680 992 1734 μεμειώσθω
1036 1678 1251 1736 δεδομένῳ
1294 1680 1482 1733 γνώμονι

165 1756 224 1807 τῷ
256 1752 544 1791 ΕΓΒΛΖΗ·
582 1747 705 1802 λέγω,
736 1749 802 1790 ὅτι
832 1749 1015 1790 δοθεῖσα
1046 1748 1163 1790 ἐστιν
1194 1748 1369 1804 ἑκατέρα
1399 1755 1482 1790 τῶν

167 1822 259 1873 ΓΕ,
287 1822 385 1860 ΛΖ.
1492 1829 1498 1837 »-

260 1913 291 1944 2.
317 1909 390 1952 ἄρα
415 1912 486 1943 ΚΛ
510 1909 545 1943 b
629 1912 661 1943 4.
689 1907 762 1942 ἐστι
782 1907 923 1953 (prius)]
950 1907 1046 1943 ἐστιν
1071 1920 1104 1942 v.
1196 1911 1226 1942 5.
1253 1907 1325 1951 ἄρα
1351 1905 1422 1942 ἐστί
1444 1906 1478 1942 b.
1495 1892 1498 1928 ss

213 1982 267 2012 11.
299 1977 692 2023 παραλληλόγραμμον]
723 1963 805 2022 τρίγ
834 1975 1010 2021 τρίγωνον
1041 1989 1080 2019 v3
1118 1988 1206 2011 corr.
1234 1988 1343 2021 supra
1372 1988 1418 2011 m
1444 1979 1474 2010 2.
1499 1995 1502 2002 2

214 2028 268 2058 12.
295 2024 467 2068 ἠοξήσθω
492 2035 525 2058 v.
621 2027 669 2070 τῷ
688 2021 873 2070 δεδομένῳ
898 2023 932 2057 b.
1029 2027 1082 2058 15.
1111 2023 1318 2068 ΕΒΔΗΖ]
1343 2023 1430 2056 Post
1448 2021 1507 2066 Εἷς

166 2070 250 2104 add.
280 2070 416 2104 FVat.
451 2081 498 2104 m.
525 2074 563 2114 2,
588 2069 630 2112 b3
663 2071 849 2104 EBAZH
869 2081 901 2103 v.
1010 2072 1063 2104 16.
1095 2070 1263 2114 γνώμων]
1294 2082 1363 2103 -ων
1395 2078 1480 2102 corr.
1499 2078 1501 2080 ·

166 2127 209 2151 ex
235 2129 278 2151 ον
303 2128 349 2150 m.
376 2120 396 2150 2
422 2128 455 2151 v.
556 2115 612 2161 τό]
637 2128 685 2150 τω
710 2116 743 2150 b.
847 2119 900 2150 17.
926 2118 974 2161 τῷ
994 2115 1101 2161 (alt.)]
1126 2115 1166 2150 τό
1191 2115 1225 2149 b.
1332 2118 1384 2149 19.
1412 2113 1481 2148 ἔστι

166 2161 222 2208 δέ]
249 2161 335 2197 ὥστε
361 2162 395 2196 b.
476 2161 571 2197 ἔστιν
590 2173 623 2195 v.
722 2164 779 2195 ΓΑ
804 2181 849 2186 -
874 2164 929 2195 20.
954 2162 1041 2207 τῶν]
1074 2172 1142 2196 om.
1168 2162 1202 2195 b.
1310 2165 1363 2194 20.
1396 2154 1517 2210 ἐστιΜ

167 2207 262 2243 ἐστιν
286 2220 325 2252 v,
364 2219 432 2242 om.
459 2208 493 2242 b.
613 2211 667 2241 22.
701 2206 1090 2263 παραλληλόγραμμον]
1123 2218 1210 2242 corr.
1238 2217 1281 2242 ex
1308 2204 1513 2263 τρίγωνονέῑ

165 2266 212 2289 m
238 2258 258 2289 2
284 2266 317 2289 v.
414 2254 452 2289 τὸ
478 2257 554 2288 ΑΗ
576 2252 791 2299 δεδομένον]
818 2264 886 2287 om.
913 2253 947 2287 b.
