1520 2508
623 82 761 115 DATA.
1311 77 1368 118 59

110 195 210 223 nam
247 179 299 221 ad
331 177 556 234 parallelas
587 180 728 220 rectas
758 175 974 232 positione
1006 175 1128 217 datas
1162 178 1203 216 A
1211 177 1260 229 Β,
1288 175 1369 216 ΓΔ

11 266 53 295 'a
88 252 186 294 dato
221 252 382 306 puncto
420 251 462 290 E
500 250 619 290 recta
662 247 776 289 linea
820 247 1001 288 ducatur
1037 248 1184 288 EZH.
1260 245 1369 300 dico,

26 322 232 366 rationem
263 323 346 363 EZ
366 335 374 361 :
396 322 492 361 ZH
516 319 662 361 datam
693 333 797 360 esse.

108 407 208 435 nam
244 392 424 434 ducatur
460 405 485 431 a
520 392 680 445 puncto
718 392 760 431 E
795 389 848 430 ad
886 390 967 430 ΓΔ
1003 387 1368 443 perpendicularis

8 466 116 508 ἘΚ
121 467 168 506 Θ.
217 462 419 518 quoniam
451 477 476 503 a
507 461 608 502 dato
632 463 795 516 puncto
816 463 858 501 E
886 459 939 500 ad
963 462 1127 501 rectam
1151 458 1367 515 positione

658 532 802 573 datam
836 533 917 572 ΓΔ
948 533 1065 572 recta
1095 530 1209 572 linea
1240 530 1369 572 ducta

255 595 294 628 Ε
656 605 722 644 est
789 604 883 644 ΕΘ
961 602 1110 643 datum
1177 600 1368 643 efficiens

0 669 3 713 ἶ
217 702 246 733 Z
258 619 359 735 sK
655 673 863 729 angulum
882 675 1033 726 ΕΘΗ,
1054 675 1141 714 ΕΘ
1165 672 1267 714 data
1286 671 1369 713 erit

21 727 58 761 Δ
301 746 305 831 ,
530 725 570 759 B
652 743 870 800 positione
910 743 1049 799 [prop.
1082 742 1236 798 XXX]
1298 758 1370 784 ue-

652 830 749 856 rum
781 814 913 857 etiam
943 817 1127 869 utraque
1153 818 1196 856 A
1205 817 1260 869 Β,
1288 815 1369 856 ΓΔ

29 904 64 940 p
142 928 195 959 H
283 927 320 959 6«)
536 902 578 939 A
653 886 868 942 positione
919 886 1019 928 data
1075 888 1159 941 est3
1219 885 1367 940 itaque

654 960 885 1012 utrumque
949 959 1160 1012 punctum
1221 958 1286 1012 Κ,
1331 959 1369 998 Θ

21 1034 167 1076 datum
199 1035 264 1074 est
302 1031 439 1087 [prop.
465 1029 620 1084 XXV]
685 1043 837 1070 uerum
869 1027 999 1069 etiam
1031 1030 1074 1069 E
1109 1028 1258 1069 datum
1289 1030 1368 1069 est.

22 1103 164 1159 itaque
189 1105 369 1156 utraque
395 1103 494 1156 ΕΚ,
513 1103 603 1142 ΚΘ
634 1100 733 1141 data
758 1102 825 1141 est
850 1099 989 1154 [prop.
1009 1097 1186 1152 XXVI]
1238 1112 1368 1153 quare

22 1174 131 1216 ratio
162 1175 253 1215 ΕΚ
269 1189 278 1214 :
299 1174 388 1214 ΚΘ
419 1172 519 1213 data
550 1173 615 1213 est
647 1170 784 1226 [prop.
810 1169 862 1224 I].
925 1172 968 1211 et
1000 1172 1065 1211 est

314 1243 867 1285 EK:K&=EZ:ZH
892 1239 984 1295 [VL
1012 1239 1071 1294 2].

22 1329 124 1372 ergo
155 1315 285 1357 etiam
315 1313 427 1355 ratio
459 1316 544 1355 EZ
564 1328 573 1354 ε
595 1314 691 1353 ΖΗ
716 1312 815 1353 data
847 1314 912 1353 est
945 1310 1043 1366 [def.
1072 1310 1129 1365 2].

603 1463 779 1506 XXXV.

107 1547 152 1591 Si
183 1564 208 1591 a
239 1549 338 1591 dato
370 1551 530 1603 puncto
550 1543 617 1589 ‘ad
648 1550 810 1590 rectam
837 1546 1053 1602 positione
1080 1547 1225 1589 datam
1250 1550 1368 1589 recta

22 1619 134 1662 linea
164 1620 333 1662 ducitur
364 1622 407 1662 et
439 1619 671 1661 secundum
704 1618 849 1660 datam
873 1618 1086 1659 rationem
1112 1621 1293 1673 secatur,
1326 1622 1368 1660 et

21 1705 97 1746 per
125 1693 332 1746 punctum
364 1690 567 1732 sectionis
598 1693 738 1732 rectae
770 1689 986 1744 positione
1013 1690 1137 1731 datae
1162 1689 1370 1744 parallela

23 1763 139 1803 recta
167 1761 278 1803 linea
309 1761 490 1816 ducitur,
521 1761 650 1803 ducta
678 1764 796 1803 recta
828 1761 928 1802 data
959 1764 1025 1802 est
1056 1760 1283 1815 positione.

112 1845 211 1872 nam
240 1847 266 1873 a
296 1832 395 1873 dato
426 1834 587 1887 puncto
619 1835 662 1873 A
694 1831 747 1873 ad
778 1834 942 1873 rectam
972 1831 1189 1886 positione
1222 1831 1368 1873 datam

31 1903 112 1943 ΓΒ
156 1905 271 1944 recta
311 1902 425 1944 linea
468 1906 511 1944 A
518 1906 561 1944 A
611 1903 791 1944 ducatur
835 1905 877 1943 et
922 1905 1090 1944 secetur
1134 1902 1367 1944 secundum

27 1971 171 2014 datam
199 1972 408 2014 rationem
432 1976 524 2015 ΔΕ
541 1989 549 2015 :
569 1976 670 2028 EA,
702 1975 744 2014 et
776 1973 956 2014 ducatur
986 1986 1063 2027 per
1093 1975 1303 2026 punctum
1329 1976 1372 2015 E

23 2044 164 2083 rectae
207 2045 295 2084 ΒΓ
333 2043 538 2098 paraUela
582 2045 727 2085 ΖΕΗ.
808 2043 922 2097 dico,
974 2045 1116 2084 ZEH
1151 2043 1367 2098 positione

25 2112 168 2154 datam
199 2128 302 2156 esse.

71 2266 124 2299 15.
150 2263 221 2310 λε’]
246 2264 307 2300 λς’
334 2265 367 2311 β.
463 2269 517 2301 22.
547 2266 629 2311 ΓΒ]
659 2267 722 2299 ΓΔ
747 2264 912 2310 PVat.v‚
942 2266 1010 2300 ΘΒ
1035 2275 1074 2308 ας
1102 2276 1192 2300 corr.
1219 2265 1365 2300 Monac.

24 2311 90 2344 361
116 2322 162 2346 m.
189 2315 220 2347 2.
319 2315 373 2347 25.
404 2313 535 2359 ZEH]
566 2315 641 2349 ZH
663 2323 695 2348 a.
