1520 2508
110 884 154 915 10

107 1220 249 1261 15³¹
322 1227 340 1235 ⁸

84 1578 147 1609 -20

185 119 241 160 94
458 102 467 110 ’
715 124 981 159 ΔΕΔΟΜΕΝΑ.

183 215 352 268 δοθείς,
395 213 466 256 καὶ
510 214 828 271 ἀναγέγραπται
871 216 953 259 ἀπὸ
996 225 1084 260 τῶν
1121 222 1228 274 ΑΒ,
1262 222 1340 262 ΓΔ
1370 207 1475 276 ’ὅμο
1509 220 1520 247 ³¹

182 282 254 325 καὶ
291 284 449 338 ὁμοίως
484 287 657 339 κείμενα
693 285 979 342 εὐθύγραμμα
1015 289 1068 329 τὰ
1104 292 1263 343 ΑΗΒ,
1290 293 1344 344 Z,
1381 293 1432 333 λό
1508 337 1520 353 ὁ

183 353 266 407 ἄρα
296 359 375 394 τοῦ
400 357 539 395 ΑΗΒ
569 355 679 410 πρὸς
707 356 756 397 τὸ
783 359 818 397 Ζ
849 357 1015 406 δοθεί·ς
1046 363 1125 399 τοῦ
1157 357 1204 400 δὲ
1232 362 1370 401 ΑΗΒ
1399 374 1457 417 πρ
1505 372 1520 427 ξ

182 422 230 463 τὸ
261 425 302 463 Ε
337 425 464 475 λόγος
501 422 589 464 ἐστὶ
626 424 792 473 δοθείς·
835 424 906 467 καὶ
942 432 1020 467 τοῦ
1051 429 1093 468 Ε
1133 428 1216 483 ἄρα
1252 429 1360 483 πρὸς
1389 430 1451 472 τὸ
1507 434 1520 482 ξ.

183 493 311 544 λόγος
343 491 432 533 ἐστὶ
463 493 624 542 δοθείς.
1511 488 1515 498 ’

804 587 890 641 νβ’.

260 665 359 708 Ἐὰν
391 667 473 709 ἀπὸ
505 667 738 722 δεδομένης
768 668 943 718 εὐθείας
978 676 1038 726 τῷ
1069 670 1242 724 μεγέθει
1273 671 1452 727 δεδομέν
1506 681 1517 706 ἲ

179 741 239 792 τῷ
276 737 381 778 εἰδει
421 733 536 786 εἶδος
572 737 823 794 ἀναγραφῇ,
868 738 1040 781 δέδοται
1076 741 1124 782 τὸ
1157 739 1408 797 ἀναγραφὲν
1442 731 1520 803 τᾷ’

179 803 364 858 μεγέθει.

267 874 350 915 ἀπὸ
394 875 476 930 γὰρ
521 875 754 930 δεδομένης
790 877 965 926 εὐθείας
1001 884 1060 934 τῷ
1097 878 1270 933 μεγέθει
1306 886 1381 935 τῆς
1415 848 1511 942 A&

179 943 415 998 δεδομένον
451 950 510 1001 τῷ
543 945 647 986 εἰδει
685 942 799 995 εἶδος
830 946 1151 1003 ἀναγεγράφθω
1188 950 1236 990 τὸ
1268 952 1503 994 APAEB*

178 1012 301 1068 λέγω,
332 1014 398 1055 ὅτι
429 1014 477 1055 τὸ
509 1018 550 1055 Α
559 1016 726 1056 ΓΔΕΒ
758 1014 930 1058 δέδοται
961 1023 1020 1073 τῷ
1051 1010 1511 1077 μεγέθει.

265 1082 586 1139 ἀναγεγράφθω
613 1084 695 1140 γὰρ
721 1084 811 1126 ἀπὸ
829 1091 904 1139 τῆς
922 1089 1007 1127 ΑΒ
1033 1087 1304 1143 τετράγωνον
1328 1090 1376 1131 τὸ
1395 1094 1436 1131 A

177 1150 350 1193 δέδοται
381 1153 464 1207 ἄρα
495 1153 543 1194 τὸ
569 1157 611 1194 Α
620 1156 655 1194 Ζ
685 1160 745 1210 τῷ
772 1155 876 1195 εἴδει
900 1154 972 1196 καὶ
997 1162 1056 1212 τῷ
1081 1157 1266 1210 μεγέθει.
1313 1157 1386 1200 καὶ
1411 1158 1520 1204 ἐπ’

172 1498 358 1552 μεγέθει.

796 1571 880 1625 νγ’.

255 1649 355 1692 Ἐὰν
385 1651 466 1692 δύο
498 1652 592 1705 εἴδη
623 1658 682 1708 τῷ
708 1653 812 1694 εἴδει
843 1652 1053 1708 δεδομένα
1082 1650 1111 1710 ᾖ
1135 1653 1206 1696 καὶ
1230 1658 1307 1710 μία
1330 1650 1517 1715 πλευ(>ι’,’;’

170 1725 249 1761 τοῦ
292 1718 388 1770 ἑνὸς
426 1721 534 1776 πρὸς
570 1723 676 1775 μίαν
711 1723 903 1778 πλευρὰν
945 1729 1023 1764 τοῦ
1061 1723 1206 1779 ἑτέρου
1250 1727 1380 1781 λργον
1419 1727 1443 1767 ἔ

170 1788 424 1844 δεδομένον,
465 1789 536 1832 καὶ
579 1792 628 1832 αἱ
666 1790 811 1833 λοιπαὶ
853 1791 1034 1848 πλευραὶ
1075 1794 1184 1848 πρὸς
1225 1795 1301 1843 τὰς
1342 1779 1520 1858 λοιπῖἰ

168 1860 357 1915 πλευρὰς
387 1861 519 1913 λόγον
549 1859 693 1910 ἕξουσι
723 1860 969 1915 δεδομένον.
1476 1851 1501 1859 ’

261 1988 292 2019 2.
320 1985 579 2031 εὐθύγραμμα]
605 1997 673 2021 om.
691 1986 775 2021 vat.
784 1998 816 2022 v.
912 1985 973 2032 τά]
998 1987 1046 2021 τω
1071 1987 1155 2022 Vat.
1250 1991 1279 2022 A
1288 1991 1327 2022 H
1332 1989 1374 2034 Β]
1400 1998 1441 2023 eo
1500 1988 1517 2033 [²²³

168 2041 211 2064 ex
237 2034 338 2065 ΑΒΒ
362 2043 399 2065 m
436 2036 456 2066 2
482 2032 578 2076 Vah„
609 2034 715 2067 ABE
739 2032 773 2067 b.
893 2037 923 2067 3.
956 2036 1064 2068 ΑΗΒ
1090 2035 1325 2080 (utrumquen
1356 2037 1432 2069 AH
1461 2043 1477 2063 ·‘
1511 2035 1519 2071 ἓ

214 2081 246 2112 4.
280 2079 312 2111 Ε
332 2077 409 2122 (alt
412 2078 440 2124 )]
473 2089 540 2114 om.
568 2061 602 2113 b.
711 2082 741 2114 8.
770 2075 867 2119 εἶδος
891 2079 1091 2126 ἀναγραφῇ
1115 2083 1163 2127 τῷ
1189 2079 1279 2115 εἴδει
1303 2081 1337 2116 b
1433 2083 1451 2115 1
1468 2081 1481 2109 ¹*
1497 2101 1518 2132 3

166 2124 229 2169 τῷ]
255 2123 294 2158 τό
320 2124 438 2159 PVat.
448 2136 480 2159 v.
555 2122 653 2165 εἶδος
671 2128 719 2171 τῷ
739 2124 828 2160 εἴδει
853 2125 887 2160 b.
963 2126 1131 2161 12.Pos1:
1149 2130 1177 2161 A
1202 2127 1285 2162 add.
1307 2130 1343 2161 K
1364 2139 1397 2171 v,
1423 2138 1473 2161 εν
1499 2126 1519 2167 {⁷35

166 2180 235 2204 ras.
252 2169 321 2205 del.
394 2172 589 2217 ΑΓΔΕΒ]
611 2175 638 2206 Β
659 2183 727 2206 om.
743 2171 777 2206 b
851 2175 903 2206 13.
931 2171 1019 2230 γάρ]
1045 2183 1114 2208 om.
1129 2173 1164 2208 b.
1238 2177 1291 2208 14.
1316 2173 1372 2220 τό]
1398 2183 1440 2208 co
1468 2193 1477 2222 ‘J
1499 2168 1519 2228 ’ᾖ

167 2226 211 2250 ex
234 2219 284 2250 τῶ
308 2228 354 2251 m.
377 2221 394 2251 1
422 2229 454 2252 v
542 2222 594 2252 15.
621 2216 802 2263 δεδομένα
827 2221 875 2265 τῷ
901 2217 990 2253 εἰδει
1015 2217 1291 2276 ἀναγέγραπται
1314 2219 1348 2255 b
1433 2223 1465 2254 1
1495 2213 1517 2251 1.

164 2265 214 2308 τῷ
239 2252 344 2308 εἶ’δει]
371 2274 439 2298 om.
466 2263 549 2299 vat.
649 2268 701 2299 17.
729 2254 877 2299 δέδοται
900 2286 946 2290 -
972 2268 1025 2301 18
1052 2264 1215 2312 μεγέθει]
1241 2277 1310 2300 om.
1336 2265 1453 2301 PVat.
1479 2299 1482 2301 ,

165 2298 300 2354 H‘ardy.
418 2314 469 2345 17.
497 2309 660 2356 δέδοται]
687 2309 803 2346 δοθέν
829 2311 1025 2356 Gregorius
1051 2314 1089 2347 et
1112 2312 1326 2357 Peyrardus
1427 2312 1463 2346 ὃ
1511 2342 1513 2347 .
