<?xml version="1.0" encoding="UTF-8"?>
<!DOCTYPE html PUBLIC "-//W3C//DTD XHTML 1.0 Transitional//EN"
    "http://www.w3.org/TR/xhtml1/DTD/xhtml1-transitional.dtd">
<html xmlns="http://www.w3.org/1999/xhtml" xml:lang="en" lang="en">
 <head>
  <title>
</title>
<meta http-equiv="Content-Type" content="text/html;charset=utf-8" />
  <meta name='ocr-system' content='tesseract 3.04.00' />
  <meta name='ocr-capabilities' content='ocr_page ocr_carea ocr_par ocr_line ocrx_word'/>
</head>
<body>
  <div class='ocr_page' id='page_1' title='image "./euclidisoperaomn06eucluoft_0137.png"; bbox 0 0 1520 2508; ppageno 0'>
   <div class='ocr_carea' id='block_1_1' title="bbox 638 69 1382 110">
    <p class='ocr_par' dir='ltr' id='par_1_1' title="bbox 638 69 1382 110">
     <span class='ocr_line' id='line_1_1' title="bbox 638 69 1382 110; baseline 0.005 -4"><span class='ocrx_word' id='word_1_1' title='bbox 638 74 777 108; x_wconf 81' lang='lat' dir='ltr'>DATA.</span> <span class='ocrx_word' id='word_1_2' title='bbox 1330 69 1352 110; x_wconf 83' lang='lat'><strong>7</strong></span> <span class='ocrx_word' id='word_1_3' title='bbox 1361 69 1382 110; x_wconf 87' lang='lat'>1</span> 
     </span>
    </p>
   </div>
   <div class='ocr_carea' id='block_1_2' title="bbox 666 193 754 235">
    <p class='ocr_par' dir='ltr' id='par_1_2' title="bbox 666 193 754 235">
     <span class='ocr_line' id='line_1_2' title="bbox 666 193 754 235; baseline 0 0"><span class='ocrx_word' id='word_1_4' title='bbox 666 193 754 235; x_wconf 84' lang='lat' dir='ltr'>XL.</span> 
     </span>
    </p>
   </div>
   <div class='ocr_carea' id='block_1_3' title="bbox 34 288 1386 1141">
    <p class='ocr_par' dir='ltr' id='par_1_3' title="bbox 34 288 1386 418">
     <span class='ocr_line' id='line_1_3' title="bbox 123 288 1386 347; baseline -0.002 -14"><span class='ocrx_word' id='word_1_5' title='bbox 123 290 167 334; x_wconf 81' lang='lat' dir='ltr'>Si</span> <span class='ocrx_word' id='word_1_6' title='bbox 202 290 409 347; x_wconf 86' lang='lat' dir='ltr'>trianguli</span> <span class='ocrx_word' id='word_1_7' title='bbox 440 288 600 346; x_wconf 84' lang='lat' dir='ltr'>singuli</span> <span class='ocrx_word' id='word_1_8' title='bbox 632 288 780 344; x_wconf 87' lang='lat' dir='ltr'>anguli</span> <span class='ocrx_word' id='word_1_9' title='bbox 812 288 902 330; x_wconf 84' lang='lat' dir='ltr'>dati</span> <span class='ocrx_word' id='word_1_10' title='bbox 935 292 1037 330; x_wconf 88' lang='lat' dir='ltr'>sunt</span> <span class='ocrx_word' id='word_1_11' title='bbox 1069 288 1386 345; x_wconf 75' lang='lat' dir='ltr'>magnitudine,</span> 
     </span>
     <span class='ocr_line' id='line_1_4' title="bbox 34 359 710 418; baseline -0.007 -12"><span class='ocrx_word' id='word_1_12' title='bbox 34 362 270 418; x_wconf 77' lang='lat' dir='ltr'>triangulus</span> <span class='ocrx_word' id='word_1_13' title='bbox 303 362 428 403; x_wconf 87' lang='lat' dir='ltr'>datus</span> <span class='ocrx_word' id='word_1_14' title='bbox 461 363 527 402; x_wconf 89' lang='lat' dir='ltr'>est</span> <span class='ocrx_word' id='word_1_15' title='bbox 559 359 710 415; x_wconf 78' lang='lat' dir='ltr'>specie.</span> 
     </span>
    </p>

    <p class='ocr_par' dir='ltr' id='par_1_4' title="bbox 35 430 1384 559">
     <span class='ocr_line' id='line_1_5' title="bbox 119 430 1384 488; baseline -0.001 -14"><span class='ocrx_word' id='word_1_16' title='bbox 119 447 218 474; x_wconf 88' lang='lat' dir='ltr'>nam</span> <span class='ocrx_word' id='word_1_17' title='bbox 242 431 448 488; x_wconf 76' lang='lat' dir='ltr'>trianguli</span> <span class='ocrx_word' id='word_1_18' title='bbox 469 432 609 473; x_wconf 90' lang='grc' dir='ltr'>ΑΒΓ</span> <span class='ocrx_word' id='word_1_19' title='bbox 632 430 793 486; x_wconf 88' lang='lat' dir='ltr'>singuli</span> <span class='ocrx_word' id='word_1_20' title='bbox 820 430 968 486; x_wconf 88' lang='lat' dir='ltr'>anguli</span> <span class='ocrx_word' id='word_1_21' title='bbox 995 430 1084 472; x_wconf 85' lang='lat' dir='ltr'>dati</span> <span class='ocrx_word' id='word_1_22' title='bbox 1112 430 1199 472; x_wconf 84' lang='lat' dir='ltr'>sint</span> <span class='ocrx_word' id='word_1_23' title='bbox 1219 431 1384 487; x_wconf 85' lang='lat' dir='ltr'>magni-</span> 
     </span>
     <span class='ocr_line' id='line_1_6' title="bbox 35 501 1312 559; baseline -0.002 -13"><span class='ocrx_word' id='word_1_24' title='bbox 35 503 189 546; x_wconf 83' lang='lat' dir='ltr'>tudine.</span> <span class='ocrx_word' id='word_1_25' title='bbox 250 502 357 559; x_wconf 76' lang='lat' dir='ltr'>dieo,</span> <span class='ocrx_word' id='word_1_26' title='bbox 388 501 656 558; x_wconf 87' lang='lat' dir='ltr'>triangulum</span> <span class='ocrx_word' id='word_1_27' title='bbox 687 503 828 543; x_wconf 90' lang='grc' dir='ltr'>ΑΒΓ</span> <span class='ocrx_word' id='word_1_28' title='bbox 852 501 1001 543; x_wconf 86' lang='lat' dir='ltr'>datum</span> <span class='ocrx_word' id='word_1_29' title='bbox 1033 516 1126 543; x_wconf 87' lang='lat' dir='ltr'>esse</span> <span class='ocrx_word' id='word_1_30' title='bbox 1159 502 1312 557; x_wconf 83' lang='lat' dir='ltr'>speeie.</span> 
     </span>
    </p>

    <p class='ocr_par' dir='ltr' id='par_1_5' title="bbox 119 571 1383 628">
     <span class='ocr_line' id='line_1_7' title="bbox 119 571 1383 628; baseline 0 -13"><span class='ocrx_word' id='word_1_31' title='bbox 119 575 303 628; x_wconf 86' lang='lat' dir='ltr'>ponatur</span> <span class='ocrx_word' id='word_1_32' title='bbox 346 572 461 615; x_wconf 89' lang='lat' dir='ltr'>enim</span> <span class='ocrx_word' id='word_1_33' title='bbox 509 574 628 614; x_wconf 82' lang='lat' dir='ltr'>reeta</span> <span class='ocrx_word' id='word_1_34' title='bbox 668 575 712 613; x_wconf 96' lang='lat' dir='ltr'><em>A</em></span> <span class='ocrx_word' id='word_1_35' title='bbox 719 574 761 613; x_wconf 89' lang='lat' dir='ltr'><em>E</em></span> <span class='ocrx_word' id='word_1_36' title='bbox 805 571 1023 627; x_wconf 71' lang='lat' dir='ltr'>positione</span> <span class='ocrx_word' id='word_1_37' title='bbox 1075 574 1117 613; x_wconf 89' lang='lat' dir='ltr'>et</span> <span class='ocrx_word' id='word_1_38' title='bbox 1168 573 1383 628; x_wconf 85' lang='lat' dir='ltr'>magnitu-</span> 
     </span>
    </p>

    <p class='ocr_par' dir='ltr' id='par_1_6' title="bbox 34 642 1385 699">
     <span class='ocr_line' id='line_1_8' title="bbox 34 642 1385 699; baseline 0 -13"><span class='ocrx_word' id='word_1_39' title='bbox 34 643 129 687; x_wconf 86' lang='lat' dir='ltr'>dine</span> <span class='ocrx_word' id='word_1_40' title='bbox 166 644 281 699; x_wconf 78' lang='lat' dir='ltr'>data,</span> <span class='ocrx_word' id='word_1_41' title='bbox 323 646 366 685; x_wconf 90' lang='lat' dir='ltr'>et</span> <span class='ocrx_word' id='word_1_42' title='bbox 404 643 458 684; x_wconf 83' lang='lat' dir='ltr'>ad</span> <span class='ocrx_word' id='word_1_43' title='bbox 489 645 581 685; x_wconf 90' lang='lat' dir='ltr'>AE</span> <span class='ocrx_word' id='word_1_44' title='bbox 619 645 662 684; x_wconf 91' lang='lat' dir='ltr'>et</span> <span class='ocrx_word' id='word_1_45' title='bbox 699 645 860 698; x_wconf 80' lang='lat' dir='ltr'>puncta</span> <span class='ocrx_word' id='word_1_46' title='bbox 896 642 942 684; x_wconf 90' lang='lat' dir='ltr'>in</span> <span class='ocrx_word' id='word_1_47' title='bbox 980 657 1030 684; x_wconf 86' lang='lat' dir='ltr'>ea</span> <span class='ocrx_word' id='word_1_48' title='bbox 1067 642 1211 698; x_wconf 86' lang='lat' dir='ltr'>posita</span> <span class='ocrx_word' id='word_1_49' title='bbox 1249 647 1311 698; x_wconf 80' lang='lat' dir='ltr'>A,</span> <span class='ocrx_word' id='word_1_50' title='bbox 1343 647 1385 686; x_wconf 89' lang='grc' dir='ltr'><em>Ε</em></span> 
     </span>
    </p>

    <p class='ocr_par' dir='ltr' id='par_1_7' title="bbox 35 713 1382 772">
     <span class='ocr_line' id='line_1_9' title="bbox 35 713 1382 772; baseline 0 -15"><span class='ocrx_word' id='word_1_51' title='bbox 35 715 190 772; x_wconf 81' lang='lat' dir='ltr'>angulo</span> <span class='ocrx_word' id='word_1_52' title='bbox 225 717 348 757; x_wconf 95' lang='grc' dir='ltr'>ΓΒΑ</span> <span class='ocrx_word' id='word_1_53' title='bbox 385 714 574 769; x_wconf 85' lang='lat' dir='ltr'>aequalis</span> <span class='ocrx_word' id='word_1_54' title='bbox 608 716 885 756; x_wconf 69' lang='lat' dir='ltr'>construatur</span> <span class='ocrx_word' id='word_1_55' title='bbox 916 713 1100 769; x_wconf 86' lang='lat' dir='ltr'>angulus</span> <span class='ocrx_word' id='word_1_56' title='bbox 1132 714 1382 757; x_wconf 78' lang='lat' dir='ltr'>rectilineus</span> 
     </span>
    </p>

    <p class='ocr_par' dir='ltr' id='par_1_8' title="bbox 564 784 1382 840">
     <span class='ocr_line' id='line_1_10' title="bbox 564 784 1382 840; baseline 0 -14"><span class='ocrx_word' id='word_1_57' title='bbox 564 787 698 827; x_wconf 89' lang='lat' dir='ltr'>EAZ</span> <span class='ocrx_word' id='word_1_58' title='bbox 737 787 780 826; x_wconf 87' lang='lat' dir='ltr'>et</span> <span class='ocrx_word' id='word_1_59' title='bbox 819 784 978 840; x_wconf 82' lang='lat' dir='ltr'>angulo</span> <span class='ocrx_word' id='word_1_60' title='bbox 1018 786 1151 826; x_wconf 90' lang='grc' dir='ltr'>ΑΓΒ</span> <span class='ocrx_word' id='word_1_61' title='bbox 1189 785 1382 840; x_wconf 83' lang='lat' dir='ltr'>aequalis</span> 
     </span>
    </p>

    <p class='ocr_par' dir='ltr' id='par_1_9' title="bbox 413 855 1382 913">
     <span class='ocr_line' id='line_1_11' title="bbox 413 855 1382 913; baseline 0.002 -16"><span class='ocrx_word' id='word_1_62' title='bbox 413 855 451 890; x_wconf 84' lang='lat' dir='ltr'><em>A</em></span> <span class='ocrx_word' id='word_1_63' title='bbox 564 858 699 898; x_wconf 90' lang='lat' dir='ltr'>AEZ</span> <span class='ocrx_word' id='word_1_64' title='bbox 749 855 814 911; x_wconf 81' lang='lat' dir='ltr'>[I,</span> <span class='ocrx_word' id='word_1_65' title='bbox 849 855 941 910; x_wconf 83' lang='grc'><strong>23].</strong></span> <span class='ocrx_word' id='word_1_66' title='bbox 1009 856 1200 911; x_wconf 88' lang='lat' dir='ltr'>reliquus</span> <span class='ocrx_word' id='word_1_67' title='bbox 1244 857 1382 913; x_wconf 87' lang='lat' dir='ltr'>igitur</span> 
     </span>
    </p>

    <p class='ocr_par' dir='ltr' id='par_1_10' title="bbox 562 926 1386 983">
     <span class='ocr_line' id='line_1_12' title="bbox 562 926 1386 983; baseline 0.004 -15"><span class='ocrx_word' id='word_1_68' title='bbox 562 926 747 983; x_wconf 82' lang='lat' dir='ltr'>ang-ulus</span> <span class='ocrx_word' id='word_1_69' title='bbox 779 928 914 968; x_wconf 92' lang='grc' dir='ltr'>ΒΑΓ</span> <span class='ocrx_word' id='word_1_70' title='bbox 943 926 1111 982; x_wconf 90' lang='lat' dir='ltr'>reliquo</span> <span class='ocrx_word' id='word_1_71' title='bbox 1144 931 1285 970; x_wconf 89' lang='lat' dir='ltr'>AZE</span> <span class='ocrx_word' id='word_1_72' title='bbox 1320 944 1386 971; x_wconf 84' lang='lat' dir='ltr'>ae-</span> 
     </span>
    </p>

    <p class='ocr_par' dir='ltr' id='par_1_11' title="bbox 563 996 1382 1056">
     <span class='ocr_line' id='line_1_13' title="bbox 563 996 1382 1056; baseline 0.004 -17"><span class='ocrx_word' id='word_1_73' title='bbox 563 997 703 1053; x_wconf 87' lang='lat' dir='ltr'>qualis</span> <span class='ocrx_word' id='word_1_74' title='bbox 741 1000 808 1039; x_wconf 87' lang='lat' dir='ltr'>est</span> <span class='ocrx_word' id='word_1_75' title='bbox 847 996 902 1054; x_wconf 88' lang='lat' dir='ltr'>[I‚</span> <span class='ocrx_word' id='word_1_76' title='bbox 934 997 1023 1052; x_wconf 79' lang='grc'><strong>32].</strong></span> <span class='ocrx_word' id='word_1_77' title='bbox 1098 999 1174 1041; x_wconf 89' lang='lat' dir='ltr'>sed</span> <span class='ocrx_word' id='word_1_78' title='bbox 1218 999 1382 1056; x_wconf 83' lang='lat' dir='ltr'>singuli</span> 
     </span>
    </p>

    <p class='ocr_par' dir='ltr' id='par_1_12' title="bbox 387 1040 1385 1141">
     <span class='ocr_line' id='line_1_14' title="bbox 387 1040 1385 1141; baseline 0.005 -33"><span class='ocrx_word' id='word_1_79' title='bbox 387 1040 415 1141; x_wconf 58' lang='lat' dir='ltr'><em>s</em></span> <span class='ocrx_word' id='word_1_80' title='bbox 471 1072 501 1106; x_wconf 92' lang='lat' dir='ltr'>Z</span> <span class='ocrx_word' id='word_1_81' title='bbox 563 1069 712 1125; x_wconf 86' lang='lat' dir='ltr'>anguli</span> <span class='ocrx_word' id='word_1_82' title='bbox 745 1069 798 1110; x_wconf 83' lang='lat' dir='ltr'>ad</span> <span class='ocrx_word' id='word_1_83' title='bbox 828 1071 991 1124; x_wconf 81' lang='lat' dir='ltr'>puncta</span> <span class='ocrx_word' id='word_1_84' title='bbox 1016 1073 1070 1124; x_wconf 84' lang='lat' dir='ltr'>A,</span> <span class='ocrx_word' id='word_1_85' title='bbox 1096 1073 1147 1126; x_wconf 78' lang='grc' dir='ltr'>Β,</span> <span class='ocrx_word' id='word_1_86' title='bbox 1175 1072 1217 1112; x_wconf 92' lang='grc' dir='ltr'><em>Γ</em></span> <span class='ocrx_word' id='word_1_87' title='bbox 1249 1071 1385 1126; x_wconf 89' lang='lat' dir='ltr'>positi</span> 
     </span>
    </p>
   </div>
   <div class='ocr_carea' id='block_1_4' title="bbox 38 892 1385 1483">
    <p class='ocr_par' dir='ltr' id='par_1_13' title="bbox 102 892 1385 1267">
     <span class='ocr_line' id='line_1_15' title="bbox 102 892 1385 1198; baseline 0.007 -23"><span class='ocrx_word' id='word_1_88' title='bbox 102 892 454 1175; x_wconf 61' lang='grc' dir='ltr'>ΒΛ</span> <span class='ocrx_word' id='word_1_89' title='bbox 565 1139 654 1182; x_wconf 87' lang='lat' dir='ltr'>dati</span> <span class='ocrx_word' id='word_1_90' title='bbox 694 1142 806 1181; x_wconf 87' lang='lat' dir='ltr'>sunt.</span> <span class='ocrx_word' id='word_1_91' title='bbox 875 1139 1023 1195; x_wconf 87' lang='lat' dir='ltr'>itaque</span> <span class='ocrx_word' id='word_1_92' title='bbox 1056 1141 1188 1184; x_wconf 84' lang='lat' dir='ltr'>etiam</span> <span class='ocrx_word' id='word_1_93' title='bbox 1221 1142 1385 1198; x_wconf 85' lang='lat' dir='ltr'>singuli</span> 
     </span>
     <span class='ocr_line' id='line_1_16' title="bbox 564 1210 1381 1267; baseline 0.006 -16"><span class='ocrx_word' id='word_1_94' title='bbox 564 1210 713 1266; x_wconf 88' lang='lat' dir='ltr'>anguli</span> <span class='ocrx_word' id='word_1_95' title='bbox 733 1210 787 1252; x_wconf 83' lang='lat' dir='ltr'>ad</span> <span class='ocrx_word' id='word_1_96' title='bbox 807 1214 926 1267; x_wconf 79' lang='lat' dir='ltr'>A‚E‚</span> <span class='ocrx_word' id='word_1_97' title='bbox 941 1214 977 1253; x_wconf 95' lang='lat' dir='ltr'><em>Z</em></span> <span class='ocrx_word' id='word_1_98' title='bbox 1002 1212 1136 1267; x_wconf 89' lang='lat' dir='ltr'>positi</span> <span class='ocrx_word' id='word_1_99' title='bbox 1162 1213 1252 1255; x_wconf 86' lang='lat' dir='ltr'>dati</span> <span class='ocrx_word' id='word_1_100' title='bbox 1279 1217 1381 1256; x_wconf 92' lang='lat' dir='ltr'>sunt</span> 
     </span>
    </p>

    <p class='ocr_par' dir='ltr' id='par_1_14' title="bbox 564 1279 1383 1338">
     <span class='ocr_line' id='line_1_17' title="bbox 564 1279 1383 1338; baseline 0.006 -16"><span class='ocrx_word' id='word_1_101' title='bbox 564 1279 662 1338; x_wconf 88' lang='lat' dir='ltr'>[def.</span> <span class='ocrx_word' id='word_1_102' title='bbox 687 1280 741 1336; x_wconf 89' lang='lat'>1].</span> <span class='ocrx_word' id='word_1_103' title='bbox 791 1281 881 1323; x_wconf 86' lang='lat' dir='ltr'>iam</span> <span class='ocrx_word' id='word_1_104' title='bbox 907 1282 1113 1337; x_wconf 85' lang='lat' dir='ltr'>quoniam</span> <span class='ocrx_word' id='word_1_105' title='bbox 1138 1284 1192 1325; x_wconf 84' lang='lat' dir='ltr'>ad</span> <span class='ocrx_word' id='word_1_106' title='bbox 1217 1287 1383 1327; x_wconf 83' lang='lat' dir='ltr'>rectam</span> 
     </span>
    </p>

    <p class='ocr_par' dir='ltr' id='par_1_15' title="bbox 561 1351 1383 1409">
     <span class='ocr_line' id='line_1_18' title="bbox 561 1351 1383 1409; baseline 0.005 -16"><span class='ocrx_word' id='word_1_107' title='bbox 561 1351 777 1407; x_wconf 89' lang='lat' dir='ltr'>positione</span> <span class='ocrx_word' id='word_1_108' title='bbox 789 1351 935 1394; x_wconf 85' lang='lat' dir='ltr'>datam</span> <span class='ocrx_word' id='word_1_109' title='bbox 942 1356 1029 1395; x_wconf 88' lang='lat' dir='ltr'>AE</span> <span class='ocrx_word' id='word_1_110' title='bbox 1040 1356 1083 1395; x_wconf 90' lang='lat' dir='ltr'>et</span> <span class='ocrx_word' id='word_1_111' title='bbox 1094 1354 1243 1396; x_wconf 85' lang='lat' dir='ltr'>datum</span> <span class='ocrx_word' id='word_1_112' title='bbox 1250 1369 1383 1409; x_wconf 82' lang='lat' dir='ltr'>punc-</span> 
     </span>
    </p>

    <p class='ocr_par' dir='ltr' id='par_1_16' title="bbox 38 1422 1382 1483">
     <span class='ocr_line' id='line_1_19' title="bbox 38 1422 1382 1483; baseline 0.006 -22"><span class='ocrx_word' id='word_1_113' title='bbox 38 1444 76 1483; x_wconf 75' lang='grc' dir='ltr'><em>Δ</em></span> <span class='ocrx_word' id='word_1_114' title='bbox 396 1450 435 1481; x_wconf 84' lang='lat' dir='ltr'><em>E</em></span> <span class='ocrx_word' id='word_1_115' title='bbox 561 1425 655 1464; x_wconf 91' lang='lat' dir='ltr'>tum</span> <span class='ocrx_word' id='word_1_116' title='bbox 683 1422 730 1464; x_wconf 84' lang='lat' dir='ltr'>in</span> <span class='ocrx_word' id='word_1_117' title='bbox 752 1437 802 1464; x_wconf 85' lang='lat' dir='ltr'>ea</span> <span class='ocrx_word' id='word_1_118' title='bbox 829 1423 1023 1478; x_wconf 90' lang='lat' dir='ltr'>positum</span> <span class='ocrx_word' id='word_1_119' title='bbox 1046 1428 1090 1466; x_wconf 95' lang='lat' dir='ltr'><em>A</em></span> <span class='ocrx_word' id='word_1_120' title='bbox 1118 1428 1238 1468; x_wconf 84' lang='lat' dir='ltr'>reeta</span> <span class='ocrx_word' id='word_1_121' title='bbox 1266 1426 1382 1469; x_wconf 86' lang='lat' dir='ltr'>linea</span> 
     </span>
    </p>
   </div>
   <div class='ocr_carea' id='block_1_5' title="bbox 34 1494 1389 2186">
    <p class='ocr_par' dir='ltr' id='par_1_17' title="bbox 34 1494 1389 2186">
     <span class='ocr_line' id='line_1_20' title="bbox 562 1494 1384 1554; baseline 0.006 -19"><span class='ocrx_word' id='word_1_122' title='bbox 562 1497 606 1535; x_wconf 97' lang='lat' dir='ltr'><em>A</em></span> <span class='ocrx_word' id='word_1_123' title='bbox 610 1496 646 1535; x_wconf 94' lang='lat' dir='ltr'><strong>Z</strong></span> <span class='ocrx_word' id='word_1_124' title='bbox 660 1494 789 1536; x_wconf 82' lang='lat' dir='ltr'>dueta</span> <span class='ocrx_word' id='word_1_125' title='bbox 803 1497 869 1536; x_wconf 92' lang='lat' dir='ltr'>est</span> <span class='ocrx_word' id='word_1_126' title='bbox 882 1494 1031 1536; x_wconf 87' lang='lat' dir='ltr'>datum</span> <span class='ocrx_word' id='word_1_127' title='bbox 1045 1495 1236 1538; x_wconf 84' lang='lat' dir='ltr'>efficiens</span> <span class='ocrx_word' id='word_1_128' title='bbox 1252 1512 1384 1554; x_wconf 87' lang='lat' dir='ltr'>angu-</span> 
     </span>
     <span class='ocr_line' id='line_1_21' title="bbox 34 1554 1382 1624; baseline 0.003 -18"><span class='ocrx_word' id='word_1_129' title='bbox 34 1563 124 1606; x_wconf 88' lang='lat' dir='ltr'>lum</span> <span class='ocrx_word' id='word_1_130' title='bbox 137 1565 245 1607; x_wconf 85' lang='lat' dir='ltr'>adA</span> <span class='ocrx_word' id='word_1_131' title='bbox 263 1565 466 1621; x_wconf 77' lang='lat' dir='ltr'>positum,</span> <span class='ocrx_word' id='word_1_132' title='bbox 486 1569 530 1607; x_wconf 95' lang='lat' dir='ltr'><em>A</em></span> <span class='ocrx_word' id='word_1_133' title='bbox 540 1554 575 1606; x_wconf 91' lang='grc' dir='ltr'><em>Ζ</em></span> <span class='ocrx_word' id='word_1_134' title='bbox 595 1565 696 1606; x_wconf 84' lang='lat' dir='ltr'>data</span> <span class='ocrx_word' id='word_1_135' title='bbox 715 1564 797 1606; x_wconf 87' lang='lat' dir='ltr'>erit</span> <span class='ocrx_word' id='word_1_136' title='bbox 810 1564 1027 1620; x_wconf 89' lang='lat' dir='ltr'>positione</span> <span class='ocrx_word' id='word_1_137' title='bbox 1049 1566 1187 1622; x_wconf 87' lang='lat' dir='ltr'>[prop.</span> <span class='ocrx_word' id='word_1_138' title='bbox 1202 1567 1382 1624; x_wconf 89' lang='lat' dir='ltr'>XXIX].</span> 
     </span>
     <span class='ocr_line' id='line_1_22' title="bbox 35 1635 1382 1692; baseline 0.004 -15"><span class='ocrx_word' id='word_1_139' title='bbox 35 1635 180 1677; x_wconf 83' lang='lat' dir='ltr'>eadem</span> <span class='ocrx_word' id='word_1_140' title='bbox 216 1635 351 1692; x_wconf 86' lang='lat' dir='ltr'>igitur</span> <span class='ocrx_word' id='word_1_141' title='bbox 388 1637 439 1678; x_wconf 87' lang='lat' dir='ltr'>de</span> <span class='ocrx_word' id='word_1_142' title='bbox 477 1650 606 1678; x_wconf 83' lang='lat' dir='ltr'>eausa</span> <span class='ocrx_word' id='word_1_143' title='bbox 637 1635 770 1678; x_wconf 89' lang='lat' dir='ltr'>etiam</span> <span class='ocrx_word' id='word_1_144' title='bbox 800 1639 885 1678; x_wconf 90' lang='lat' dir='ltr'>EZ</span> <span class='ocrx_word' id='word_1_145' title='bbox 921 1636 1139 1691; x_wconf 86' lang='lat' dir='ltr'>positione</span> <span class='ocrx_word' id='word_1_146' title='bbox 1171 1639 1272 1680; x_wconf 85' lang='lat' dir='ltr'>data</span> <span class='ocrx_word' id='word_1_147' title='bbox 1303 1644 1382 1683; x_wconf 89' lang='lat' dir='ltr'>est.</span> 
     </span>
     <span class='ocr_line' id='line_1_23' title="bbox 34 1704 1383 1764; baseline 0.004 -18"><span class='ocrx_word' id='word_1_148' title='bbox 34 1705 178 1761; x_wconf 84' lang='lat' dir='ltr'>itaque</span> <span class='ocrx_word' id='word_1_149' title='bbox 213 1709 421 1762; x_wconf 82' lang='lat' dir='ltr'>punctum</span> <span class='ocrx_word' id='word_1_150' title='bbox 460 1709 496 1747; x_wconf 93' lang='lat' dir='ltr'>Z</span> <span class='ocrx_word' id='word_1_151' title='bbox 540 1706 689 1748; x_wconf 86' lang='lat' dir='ltr'>datum</span> <span class='ocrx_word' id='word_1_152' title='bbox 727 1709 792 1748; x_wconf 88' lang='lat' dir='ltr'>est</span> <span class='ocrx_word' id='word_1_153' title='bbox 832 1704 970 1763; x_wconf 89' lang='lat' dir='ltr'>[prop.</span> <span class='ocrx_word' id='word_1_154' title='bbox 1002 1705 1158 1764; x_wconf 92' lang='lat' dir='ltr'>XXV].</span> <span class='ocrx_word' id='word_1_155' title='bbox 1230 1724 1383 1752; x_wconf 90' lang='lat' dir='ltr'>uerum</span> 
     </span>
     <span class='ocr_line' id='line_1_24' title="bbox 36 1776 1381 1834; baseline 0.003 -16"><span class='ocrx_word' id='word_1_156' title='bbox 36 1776 164 1818; x_wconf 85' lang='lat' dir='ltr'>etiam</span> <span class='ocrx_word' id='word_1_157' title='bbox 204 1780 433 1832; x_wconf 88' lang='lat' dir='ltr'>utrumque</span> <span class='ocrx_word' id='word_1_158' title='bbox 470 1780 679 1832; x_wconf 82' lang='lat' dir='ltr'>punctum</span> <span class='ocrx_word' id='word_1_159' title='bbox 722 1781 784 1832; x_wconf 82' lang='lat' dir='ltr'>A,</span> <span class='ocrx_word' id='word_1_160' title='bbox 816 1780 858 1819; x_wconf 89' lang='lat' dir='ltr'><strong><em>E</em></strong></span> <span class='ocrx_word' id='word_1_161' title='bbox 904 1777 1053 1820; x_wconf 84' lang='lat' dir='ltr'>datum</span> <span class='ocrx_word' id='word_1_162' title='bbox 1097 1781 1174 1820; x_wconf 90' lang='lat' dir='ltr'>est.</span> <span class='ocrx_word' id='word_1_163' title='bbox 1250 1794 1381 1834; x_wconf 84' lang='lat' dir='ltr'>quare</span> 
     </span>
     <span class='ocr_line' id='line_1_25' title="bbox 36 1849 1383 1905; baseline 0.004 -17"><span class='ocrx_word' id='word_1_164' title='bbox 36 1860 310 1902; x_wconf 82' lang='lat' dir='ltr'>unaquaeque</span> <span class='ocrx_word' id='word_1_165' title='bbox 341 1850 556 1890; x_wconf 79' lang='lat' dir='ltr'>rectarum</span> <span class='ocrx_word' id='word_1_166' title='bbox 581 1851 624 1890; x_wconf 98' lang='lat' dir='ltr'><em>A</em></span> <span class='ocrx_word' id='word_1_167' title='bbox 633 1850 682 1904; x_wconf 82' lang='lat' dir='ltr'>Z,</span> <span class='ocrx_word' id='word_1_168' title='bbox 707 1851 750 1889; x_wconf 98' lang='lat' dir='ltr'><em>A</em></span> <span class='ocrx_word' id='word_1_169' title='bbox 757 1851 806 1903; x_wconf 79' lang='lat' dir='ltr'>E,</span> <span class='ocrx_word' id='word_1_170' title='bbox 832 1850 916 1889; x_wconf 91' lang='grc' dir='ltr'>ΕΖ</span> <span class='ocrx_word' id='word_1_171' title='bbox 949 1849 1049 1890; x_wconf 87' lang='lat' dir='ltr'>data</span> <span class='ocrx_word' id='word_1_172' title='bbox 1075 1852 1142 1891; x_wconf 89' lang='lat' dir='ltr'>est</span> <span class='ocrx_word' id='word_1_173' title='bbox 1165 1850 1383 1905; x_wconf 91' lang='lat' dir='ltr'>positione</span> 
     </span>
     <span class='ocr_line' id='line_1_26' title="bbox 37 1917 1386 1975; baseline 0.004 -16"><span class='ocrx_word' id='word_1_174' title='bbox 37 1919 80 1958; x_wconf 81' lang='lat' dir='ltr'>et</span> <span class='ocrx_word' id='word_1_175' title='bbox 110 1918 399 1973; x_wconf 84' lang='lat' dir='ltr'>magnitudine</span> <span class='ocrx_word' id='word_1_176' title='bbox 432 1918 571 1974; x_wconf 88' lang='lat' dir='ltr'>[prop.</span> <span class='ocrx_word' id='word_1_177' title='bbox 597 1917 774 1971; x_wconf 65' lang='lat' dir='ltr'><strong>XXVI}</strong></span> <span class='ocrx_word' id='word_1_178' title='bbox 837 1933 940 1974; x_wconf 86' lang='lat' dir='ltr'>ergo</span> <span class='ocrx_word' id='word_1_179' title='bbox 972 1919 1216 1975; x_wconf 86' lang='lat' dir='ltr'>triangulus</span> <span class='ocrx_word' id='word_1_180' title='bbox 1246 1925 1386 1964; x_wconf 88' lang='lat' dir='ltr'>AZE</span> 
     </span>
     <span class='ocr_line' id='line_1_27' title="bbox 37 1986 1383 2045; baseline 0.004 -16"><span class='ocrx_word' id='word_1_181' title='bbox 37 1986 162 2028; x_wconf 86' lang='lat' dir='ltr'>datus</span> <span class='ocrx_word' id='word_1_182' title='bbox 200 1990 264 2029; x_wconf 86' lang='lat' dir='ltr'>est</span> <span class='ocrx_word' id='word_1_183' title='bbox 301 1989 438 2044; x_wconf 83' lang='lat' dir='ltr'>speeie</span> <span class='ocrx_word' id='word_1_184' title='bbox 478 1991 615 2045; x_wconf 87' lang='lat' dir='ltr'>[prop.</span> <span class='ocrx_word' id='word_1_185' title='bbox 642 1988 859 2043; x_wconf 69' lang='lat' dir='ltr'><strong>XXXIX}</strong></span> <span class='ocrx_word' id='word_1_186' title='bbox 934 1992 977 2031; x_wconf 91' lang='lat' dir='ltr'>et</span> <span class='ocrx_word' id='word_1_187' title='bbox 1015 1989 1168 2032; x_wconf 87' lang='lat' dir='ltr'>similis</span> <span class='ocrx_word' id='word_1_188' title='bbox 1207 1995 1273 2034; x_wconf 89' lang='lat' dir='ltr'>est</span> <span class='ocrx_word' id='word_1_189' title='bbox 1308 1993 1383 2034; x_wconf 84' lang='lat' dir='ltr'>tri-</span> 
     </span>
     <span class='ocr_line' id='line_1_28' title="bbox 37 2058 1389 2117; baseline 0.004 -18"><span class='ocrx_word' id='word_1_190' title='bbox 37 2058 196 2113; x_wconf 84' lang='lat' dir='ltr'>angulo</span> <span class='ocrx_word' id='word_1_191' title='bbox 227 2061 363 2101; x_wconf 90' lang='grc' dir='ltr'>ΑΒΓ</span> <span class='ocrx_word' id='word_1_192' title='bbox 399 2059 499 2116; x_wconf 85' lang='lat' dir='ltr'>[VI‚</span> <span class='ocrx_word' id='word_1_193' title='bbox 529 2058 586 2116; x_wconf 66' lang='lat'>4}</span> <span class='ocrx_word' id='word_1_194' title='bbox 656 2074 759 2116; x_wconf 88' lang='lat' dir='ltr'>ergo</span> <span class='ocrx_word' id='word_1_195' title='bbox 798 2060 930 2101; x_wconf 88' lang='lat' dir='ltr'>etiam</span> <span class='ocrx_word' id='word_1_196' title='bbox 967 2061 1212 2117; x_wconf 84' lang='lat' dir='ltr'>triangulus</span> <span class='ocrx_word' id='word_1_197' title='bbox 1248 2066 1389 2106; x_wconf 89' lang='grc' dir='ltr'>ΑΒΓ</span> 
     </span>
     <span class='ocr_line' id='line_1_29' title="bbox 35 2128 642 2186; baseline 0.005 -16"><span class='ocrx_word' id='word_1_198' title='bbox 35 2128 159 2170; x_wconf 86' lang='lat' dir='ltr'>datus</span> <span class='ocrx_word' id='word_1_199' title='bbox 192 2131 257 2170; x_wconf 89' lang='lat' dir='ltr'>est</span> <span class='ocrx_word' id='word_1_200' title='bbox 288 2130 425 2184; x_wconf 86' lang='lat' dir='ltr'>specie</span> <span class='ocrx_word' id='word_1_201' title='bbox 458 2130 557 2186; x_wconf 82' lang='lat' dir='ltr'>[def.</span> <span class='ocrx_word' id='word_1_202' title='bbox 584 2130 642 2185; x_wconf 86' lang='lat'>3].</span> 
     </span>
    </p>
   </div>
   <div class='ocr_carea' id='block_1_6' title="bbox 1171 2219 1371 2224">
    <p class='ocr_par' dir='ltr' id='par_1_18' title="bbox 1171 2219 1371 2224">
     <span class='ocr_line' id='line_1_30' title="bbox 1171 2219 1371 2224; baseline 0 0"><span class='ocrx_word' id='word_1_203' title='bbox 1171 2219 1371 2224; x_wconf 95' lang='lat' dir='ltr'> </span> 
     </span>
    </p>
   </div>
   <div class='ocr_carea' id='block_1_7' title="bbox 33 2256 1379 2349">
    <p class='ocr_par' dir='ltr' id='par_1_19' title="bbox 33 2256 1379 2349">
     <span class='ocr_line' id='line_1_31' title="bbox 33 2256 1379 2349; baseline 0.006 -59"><span class='ocrx_word' id='word_1_204' title='bbox 33 2256 137 2349; x_wconf 52' lang='grc' dir='ltr'>ΖεΞίι</span> <span class='ocrx_word' id='word_1_205' title='bbox 151 2267 358 2338; x_wconf 50' lang='grc' dir='ltr'>ἷὲαὓεστιν</span> <span class='ocrx_word' id='word_1_206' title='bbox 382 2270 404 2302; x_wconf 91' lang='grc' dir='ltr'>η</span> <span class='ocrx_word' id='word_1_207' title='bbox 431 2261 501 2293; x_wconf 91' lang='grc' dir='ltr'>ΔΖ</span> <span class='ocrx_word' id='word_1_208' title='bbox 525 2270 571 2293; x_wconf 90' lang='lat' dir='ltr'>m.</span> <span class='ocrx_word' id='word_1_209' title='bbox 600 2262 631 2293; x_wconf 80' lang='lat'>2.</span> <span class='ocrx_word' id='word_1_210' title='bbox 744 2262 798 2294; x_wconf 83' lang='grc'>18.</span> <span class='ocrx_word' id='word_1_211' title='bbox 827 2257 940 2305; x_wconf 81' lang='grc' dir='ltr'><strong>ἐστίν]</strong></span> <span class='ocrx_word' id='word_1_212' title='bbox 968 2258 1041 2294; x_wconf 78' lang='grc' dir='ltr'><em>ἐστι</em></span> <span class='ocrx_word' id='word_1_213' title='bbox 1068 2260 1196 2297; x_wconf 74' lang='lat' dir='ltr'>Vatv.</span> <span class='ocrx_word' id='word_1_214' title='bbox 1322 2267 1379 2298; x_wconf 79' lang='lat'>20.</span> 
     </span>
    </p>
   </div>
  </div>
 </body>
</html>
