1520 2508
12 0 110 71 {W

641 89 782 123 DATA.
1331 87 1388 129 89

39 186 332 231 describantur
357 187 446 227 AB
455 186 504 241 Γ,
523 188 612 226 ΑΔ
621 187 669 226 Β.
715 184 824 241 dico,
848 183 1062 226 rationem
1085 188 1128 227 A
1138 186 1219 227 ΓΒ
1234 200 1243 227 :
1257 187 1391 227 AAB

41 258 181 302 datam
212 271 318 300 esse.

46 358 50 363 ,
128 329 336 371 ducantur
374 342 399 370 a
431 327 606 383 punctis
638 331 699 382 A,
727 329 764 368 Β
803 327 857 370 ad
893 330 1057 369 rectam
1089 330 1177 369 AB
1214 342 1394 383 perpen-

41 399 244 444 diculares
275 401 417 440 rectae
450 401 550 454 AE,
575 400 666 439 ΗΒ
700 401 743 439 et
773 398 1068 454 producantur
1100 398 1153 440 ad
1187 401 1236 454 Ζ,
1265 401 1314 455 Θ,
1348 402 1392 441 et

38 485 113 528 per
135 473 295 526 puncta
321 471 369 518 Γ,
390 473 435 511 Δ
460 471 603 511 rectae
623 471 712 511 AB
744 469 978 525 parallelae
1004 469 1218 512 ducantur
1243 472 1392 525 ΕΓΗ,

42 541 122 584 ΖΔ
131 544 178 584 Θ.
262 541 465 596 quoniam
514 540 560 585 A
586 542 729 582 ΑΒΓ
773 541 899 583 datus
950 543 1016 583 est
1067 541 1227 596 speeie,
1276 541 1389 583 ratio

701 613 781 653 ΓΛ
801 627 809 653 :
830 614 913 654 BA
951 612 1053 654 data
1090 615 1157 654 est
1196 612 1296 667 [def.
1330 612 1388 667 3].

697 683 785 725 iam
817 683 1022 738 quoniam
1054 687 1082 733 L
1103 685 1229 725 ΓΑΒ
1261 684 1388 725 datus

698 757 764 795 est
803 753 898 809 [ib]
943 757 987 796 et
1025 753 1158 795 etiam
1200 758 1227 803 l,
1253 757 1388 796 EAB

698 825 824 866 datus
858 827 942 881 est,
979 824 1112 867 etiam
1150 824 1226 880 qui
1262 825 1390 867 relin—

698 896 847 950 quitur
877 890 924 945 'L
956 898 1097 938 ΕΑΓ
1141 897 1267 938 datus
1304 896 1387 938 erit

699 966 838 1022 [prop.
883 966 978 1022 IV].
1058 982 1212 1010 uerum
1256 967 1389 1010 etiam

0 1054 2 1079 z
699 1040 891 1087 ΛΑΕΓ
929 1038 1056 1080 datus
1100 1041 1166 1080 est
1211 1038 1267 1094 [I7
1301 1038 1389 1094 29].

39 1106 182 1164 itaque
237 1109 368 1152 etiam
417 1108 609 1163 reliquus
660 1113 687 1157 L
713 1110 852 1150 ΕΓΑ
901 1109 1028 1151 datus
1077 1112 1144 1151 est
1201 1109 1264 1165 [1,
1309 1111 1391 1166 323

1 1211 2 1216 η
37 1193 183 1236 propp.
220 1179 304 1234 ΙΙΙ,
341 1179 436 1234 IV].
525 1194 655 1234 quare
705 1179 751 1223 A
778 1182 918 1221 ΑΕΓ
961 1180 1088 1223 datus
1139 1183 1205 1223 est
1249 1181 1391 1236 speeie

0 1272 1 1275 ¹
39 1246 174 1306 [prop.
205 1250 314 1306 XL].
384 1251 532 1306 itaque
564 1251 677 1292 ratio
709 1253 798 1292 EA
818 1267 827 1292 :
847 1255 890 1293 A
899 1253 941 1293 Γ
966 1251 1068 1293 data
1098 1255 1165 1294 est
1199 1251 1298 1307 [def.
1332 1252 1390 1307 3].

0 1339 3 1381 j
39 1335 187 1363 uerum
223 1322 334 1364 ratio
375 1324 455 1364 ΓΑ
474 1338 483 1364 :
504 1324 592 1363 AB
632 1322 733 1363 data
771 1325 848 1364 est.
921 1322 1069 1378 itaque
1108 1323 1240 1365 etiam
1277 1323 1391 1365 ratio

39 1394 160 1435 EA:
186 1395 271 1435 AB
322 1393 423 1434 data
467 1396 534 1434 est
581 1392 721 1447 [prop.
757 1392 898 1448 VIII]
973 1393 1122 1435 eadem
1167 1394 1217 1435 de
1262 1409 1392 1436 causa

0 1477 2 1524 ζ
40 1463 169 1510 etiam
203 1463 315 1504 ratio
349 1465 436 1504 ZA
456 1478 465 1504 :
486 1465 573 1504 AB
617 1463 718 1505 data
761 1467 840 1506 est.
909 1463 1057 1519 itaque
1102 1464 1235 1506 etiam
1277 1465 1391 1507 ratio

39 1536 126 1577 ΕΑ
145 1549 154 1576 :
173 1536 260 1576 AZ
291 1533 391 1576 data
422 1536 488 1576 est
514 1533 623 1589 [ib.].
677 1537 720 1576 et
746 1537 812 1576 est
838 1538 1063 1577 AEzAZ
1085 1556 1138 1570 ==
1160 1539 1285 1578 AH:
1310 1539 1391 1579 ΘΑ

0 1622 5 1669 &³
41 1603 134 1662 ΠΙ,
156 1604 212 1660 1].
268 1619 398 1660 quare
425 1604 557 1647 etiam
583 1605 696 1647 ratio
722 1610 765 1647 A
773 1608 824 1647 H
838 1622 847 1647 :
868 1609 959 1648 ΑΘ
990 1607 1091 1649 data
1116 1610 1182 1649 est
1210 1607 1309 1662 [def.
1332 1609 1390 1661 2].

0 1673 5 1716 V,
42 1678 85 1719 et
124 1675 364 1732 rectanguli
403 1678 505 1718 AH
543 1676 721 1718 dimidia
761 1692 863 1732 pars
908 1680 974 1719 est
1016 1677 1062 1722 A
1089 1680 1242 1734 ΑΒΓ,
1284 1682 1393 1721 rect-

42 1747 186 1802 anguli
211 1749 355 1789 autem
381 1750 424 1788 A
434 1749 471 1788 Θ
503 1746 679 1789 dimidia
703 1762 804 1803 pars
835 1747 881 1792 Δ
902 1752 991 1790 ΑΔ
999 1751 1037 1791 Β
1071 1749 1122 1805 [Ι,
1146 1751 1236 1803 41].
1287 1765 1390 1807 ergo

42 1817 152 1868 ratio
183 1820 344 1860 ABF:
364 1820 498 1860 AAB
530 1818 631 1860 data
663 1822 730 1861 est
763 1819 833 1874 [V‚
863 1820 934 1876 153
967 1819 1046 1862 def.
1075 1820 1133 1875 2].

636 1947 790 1991 XLIX.

130 2027 176 2071 Si
218 2029 265 2070 in
307 2030 455 2072 eadem
498 2034 618 2073 reeta
660 2031 767 2073 duae
806 2032 1025 2086 quaelibet
1061 2033 1226 2089 figurae
1263 2034 1393 2076 recti-

6 2097 176 2146 ÷lfiineae
220 2099 520 2142 describuntur
564 2101 704 2157 specie
749 2102 894 2158 datae,
936 2102 1150 2146 rationem
1193 2104 1308 2146 inter
1346 2120 1391 2147 se

38 2166 259 2212 habebunt
290 2171 445 2214 datam.

8 2312 9 2316 ,
86 2265 172 2320 AB]
193 2278 303 2310 ΑΒΓ
322 2275 357 2311 b.
457 2280 511 2312 18.
538 2276 603 2313 καί
629 2277 743 2325 ἐστιν]
771 2290 840 2313 om.
868 2278 903 2314 b.
984 2280 1075 2326 ΛΕ]
1104 2282 1171 2314 ΕΑ
1197 2280 1231 2315 b.
1333 2285 1387 2317 19.

8 2359 10 2378 ἲ
43 2319 120 2367 ΘΑ]
144 2323 216 2357 ΑΘ
239 2321 274 2357 b.
373 2327 428 2359 20.
455 2327 565 2359 ΑΒΓ
584 2323 765 2370 τρίγωνον
792 2325 826 2361 b.
927 2330 981 2362 21.
1009 2327 1125 2374 ΑΔΒ]
1152 2331 1254 2363 ΑΒΔ
1279 2340 1312 2364 V.
