1520 2508
156 108 212 150 22
215 109 242 150 6
696 113 942 150 APPEN'DIX.

639 320 708 363 Ad
736 254 854 377 ΡΥΞΞ..
886 322 993 365 XCI.

709 401 909 453 ’Ἁλλως.

239 482 455 535 Εἰλήφθω
493 482 541 523 τὸ
577 480 759 538 κέντρον
794 490 872 525 τοῦ
901 485 1065 527 κύκλου
1102 487 1151 528 τὸ
1182 490 1239 541 Ε,
1281 486 1353 530 καὶ
1383 488 1455 532 ἐπε
1478 497 1481 499 ’

106 556 127 586 ὅ
154 550 320 604 ζεύχθω
351 550 378 604 ἡ
408 553 499 591 ΔΕ
532 549 606 592 καὶ
636 551 804 606 διήχθω
836 551 905 594 ἐπὶ
934 555 982 595 τὸ
1015 558 1069 597 Α.
1117 553 1190 597 καὶ
1220 555 1311 599 ἐπεὶ
1338 557 1460 600 δοθέ.
1507 611 1510 612 ⁷

152 618 270 660 ἐστιν
301 617 503 674 ἑκάτερον
532 626 620 662 τῶν
649 623 707 675 Ε,
732 625 794 676 Δ,
830 622 1014 665 δοθεῖσα
1049 625 1132 680 ἄρα
1164 624 1281 668 ἐστὶν
1311 626 1337 680 ἡ
1367 630 1473 670 ΕΔ·
1517 644 1519 646 ·

150 686 272 730 θέσει
303 686 351 730 δὲ
380 687 453 730 καὶ
483 688 506 731 ὁ
538 692 671 732 ΑΒΖ
700 691 873 741 κύκλος·
906 690 1041 735 δοθὲν
1073 694 1157 750 ἄρα
1188 693 1305 737 ἐστὶν
1336 694 1455 739 ἑκάτε
1478 713 1482 716 ·
1508 687 1517 749 ’.ᾗ

151 772 231 812 ρον
261 764 348 799 τῶν
372 761 429 812 A,
450 761 497 799 Z.
546 760 636 800 ἔστι
666 757 715 801 δὲ
743 759 815 802 καὶ
845 762 893 803 τὸ
919 766 963 803 Δ
993 761 1147 805 δοθέν
1179 764 1361 806 δοθεῖσα
1391 779 1483 821 αρυε4

151 824 269 868 ἐστὶν
299 825 476 883 ἑκατέρα
505 835 594 869 τῶν
623 832 728 883 ΑΔ,
752 833 856 871 ΔΖ·
900 829 1037 873 δοθὲν
1075 833 1159 888 ἄρα
1190 831 1279 875 ἐστὶ
1310 834 1358 876 τὸ
1388 834 1480 877 ὑπὸ
1495 820 1518 890 5

83 902 126 933 10
149 902 237 937 τῶν
273 899 422 937 ΑΔΖ·
470 899 546 938 καί
585 896 702 939 ἐστιν
745 902 840 940 ἴσον
883 906 942 956 τῷ
986 900 1071 942 ὑπὸ
1113 909 1200 944 τῶν
1238 906 1333 957 ΒΔ,
1362 905 1511 945 ΔΓ*

151 961 287 1006 δοθὲν
317 965 400 1020 ἄρα
430 963 522 1007 ἐστὶ
550 965 623 1008 καὶ
653 967 702 1008 τὸ
733 967 817 1010 ὑπὸ
848 975 935 1010 τῶν
968 972 1062 1024 ΒΔ,
1088 975 1131 1012 Δ
1140 973 1185 1013 Γ.
1484 970 1485 973 “

613 1173 682 1215 Ad
710 1107 846 1241 p1·o2p(.).⁴
860 1174 1011 1217 XCIII.

704 1254 906 1305 ’Ἁλλωςκ

80 1342 122 1372 15
234 1335 419 1389 Διήχθω
450 1335 476 1389 ἡ
507 1337 599 1377 ΑΓ
629 1334 698 1378 ἐπὶ
728 1337 776 1378 τὸ
807 1340 863 1390 Ε,
905 1336 978 1379 καὶ
1007 1339 1169 1380 κείσθω
1201 1345 1252 1394 τῇ
1283 1342 1371 1381 ΒΓ
1401 1343 1471 1395 ἴση

147 1402 174 1456 ἡ
205 1405 300 1458 ΓΕ,
330 1402 402 1445 καὶ
434 1403 759 1459 ἐπεζεύχθωσαν
789 1407 838 1448 αἱ
863 1406 960 1460 ΕΒ,
985 1410 1078 1449 ΒΔ.
1485 1459 1487 1462 ⁴

234 1471 325 1514 ἐπεὶ
360 1473 490 1527 διπλῆ
528 1473 645 1516 ἐστιν
681 1474 707 1528 ἡ
744 1474 828 1517 ὑπὸ
862 1482 950 1517 τῶν
980 1478 1110 1518 ΑΓΒ
1147 1475 1347 1533 ἑκατέρας
1381 1485 1470 1521 τῶν

146 1540 230 1583 ὑπὸ
261 1548 350 1584 τῶν
374 1544 518 1596 ΑΓΔ,
544 1545 683 1598 ΓΒΕ,
715 1548 785 1598 ἴση
816 1545 899 1600 ἄρα
930 1543 1048 1588 ἐστὶν
1073 1546 1099 1599 ἡ
1123 1545 1208 1588 ὑπὸ
1233 1554 1319 1589 τῶν
1345 1549 1474 1590 ΓΒΕ
1487 1539 1513 1594 ,ζ

146 1612 284 1663 γωνία
313 1617 365 1666 τῇ
394 1611 479 1654 ὑπὸ
510 1619 598 1654 τῶν
622 1617 665 1654 A
673 1615 764 1667 ΓΔ,
795 1612 990 1656 τουτέστι
1020 1622 1071 1670 τῇ
1101 1614 1186 1657 ὑπὸ
1217 1622 1304 1658 τῶν
1327 1619 1470 1659 ΑΒΔ.
1510 1644 1515 1681 {

77 1687 122 1718 20
145 1681 270 1734 κοινὴ
301 1683 576 1736 προσκείσθω
607 1681 634 1735 ἡ
664 1682 749 1724 ὑπὸ
780 1689 868 1724 τῶν
897 1685 1036 1739 ΑΒΓ
1044 1696 1053 1706 ·
1097 1684 1174 1738 ὅλη
1210 1685 1294 1740 ἄρα
1327 1686 1353 1740 ἡ
1383 1686 1469 1728 ὑπὸ
1507 1695 1514 1742 ,3

146 1756 234 1791 τῶν
264 1751 401 1791 ΔΒΓ
425 1750 503 1805 ὅλῃ
533 1758 584 1806 τῇ
614 1751 699 1793 ὑπὸ
729 1758 817 1794 τῶν
849 1755 979 1794 ΖΒΕ
1007 1752 1126 1795 ἐστιν
1157 1757 1240 1807 ἴση.
1300 1756 1390 1796 ἔστι
1421 1752 1485 1814 δὲ

145 1816 217 1859 καὶ
253 1817 280 1871 ἡ
315 1818 401 1861 ὑπὸ
437 1827 524 1861 τῶν
556 1822 678 1862 ΓΑΒ
715 1827 766 1876 τῇ
802 1821 886 1863 ὑπὸ
925 1829 1012 1863 τῶν
1048 1824 1170 1864 ΓΔΒ
1208 1826 1297 1876 ἴση·
1341 1824 1469 1878 λοιπὴ
1487 1831 1491 1854 '³
1509 1817 1519 1869 ἶ,

146 1888 230 1943 ἄρα
259 1886 286 1941 ἡ
317 1887 402 1930 ὑπὸ
432 1895 520 1930 τῶν
551 1891 676 1931 ΓΕΒ
712 1893 839 1946 λοιπῇ
870 1897 921 1946 τῇ
951 1890 1036 1933 ὑπὸ
1067 1898 1155 1933 τῶν
1185 1894 1315 1934 ΔΓΒ
1350 1892 1468 1935 ἐστιν
1508 1893 1519 1950 5

238 2016 270 2048 4.
296 2014 376 2059 τοῦ]
401 2013 441 2047 τό
467 2024 499 2048 a.
615 2017 645 2048 5.
672 2015 764 2060 ΔΕ]
790 2017 859 2050 ΑΕ
883 2027 915 2050 a.
1022 2019 1061 2050 A.
1087 2014 1170 2062 καί]
1196 2019 1269 2051 ΔΕ
1293 2028 1325 2051 a.
1434 2021 1466 2052 6.
1507 2014 1517 2062 ⁵3

146 2057 258 2104 ἐστιν]
285 2069 354 2094 om.
381 2070 413 2094 a.
520 2066 591 2095 τῶν
618 2063 663 2104 Ε,
681 2065 714 2095 Δ
740 2081 783 2086 --
811 2066 839 2096 7.
868 2060 1055 2108 ἑκάτερον]
1087 2062 1143 2096 bis
1175 2073 1207 2098 a.
1315 2067 1346 2097 6.
1378 2068 1449 2098 τῶν
1509 2056 1517 2102 {s

144 2109 208 2149 τῆς
233 2115 272 2148 a3
303 2104 393 2139 item
416 2105 478 2140 lin.
507 2108 538 2150 9,
566 2110 619 2141 10.
721 2107 892 2154 δοθεῖσα]
917 2106 1020 2142 θέσει
1045 2119 1077 2142 a.
1178 2108 1201 2153 ὴ
1228 2110 1315 2143 ΕΔ·
1345 2107 1449 2143 θέσει
1482 2151 1483 2154 ¹
1508 2119 1511 2159 ’ἦ

143 2150 166 2195 ἡ
194 2152 259 2185 ΕΔ
283 2149 402 2186 θέσει·
429 2149 578 2186 δέδοται
602 2152 763 2189 PVat.v.
847 2157 876 2188 7.
903 2152 1036 2200 δοθέν]
1061 2153 1099 2188 in
1118 2154 1262 2199 repetit.
1283 2153 1412 2195 δοθείς
1430 2165 1462 2189 a.
1508 2162 1516 2194 ι)

192 2199 222 2231 8.
258 2197 300 2242 Ζ]
327 2201 360 2232 Δ
384 2209 416 2232 a.
523 2198 563 2233 τὸ
589 2199 638 2245 Δ]
670 2210 739 2234 om.
765 2210 797 2234 a.
905 2201 1076 2246 δοθεῖσα]
1107 2199 1211 2235 θέσει
1235 2211 1267 2235 a.
1375 2200 1464 2246 ἄρα]
1484 2225 1485 2228 =
1505 2195 1517 2237 35

145 2253 213 2277 om.
241 2243 336 2287 Vat„
369 2243 452 2278 add.
478 2256 524 2278 m.
552 2247 583 2279 2.
681 2249 711 2280 9.
737 2248 812 2289 ΑΔ,
831 2246 916 2291 ΔΖ]
942 2248 1019 2289 AZ,
1042 2249 1104 2281 ZA
1127 2247 1258 2290 Vat.v‚
1293 2249 1355 2281 ZA
1379 2249 1461 2290 (om.
1480 2257 1484 2259 ’
1506 2253 1515 2283 <Q

143 2291 220 2333 1440
241 2299 272 2323 a.
348 2293 401 2324 10.
427 2290 542 2335 ΑΔΖ]
567 2294 642 2335 ΑΔ,
662 2294 732 2326 ΔΖ
753 2291 837 2326 Vat.
910 2294 983 2336 ΒΛ,
1003 2293 1097 2338 ΔΓ]
1125 2295 1278 2337 ΒΛΓνς
1305 2295 1464 2327 ΔΒΓα.
1482 2320 1483 2323 ,
1502 2294 1509 2314 -ῑ
