1520 2508
94 803 137 834 10

98 1147 140 1179 15

98 1492 144 1524 20

102 1860 147 1892 25

156 80 240 122 164
681 80 946 115 AEAOMENA.

155 175 282 227 λοιπὴ
308 181 395 215 τῶν
421 172 463 223 ἐξ
489 173 621 227 ἀρχῆς
640 173 861 228 τεσσάρων
886 173 1072 215 εὐθειῶν
1098 175 1230 225 λόγον
1252 174 1335 226 ἔχει
1355 172 1475 219 δεδο-
1518 211 1520 213 .

155 242 300 298 μένον,
327 242 543 295 ἀνάλογον
563 244 792 295 γίγνεσθαι
817 242 893 291 τὰς
910 241 1118 297 τέσσαρας
1137 241 1322 294 εὐθείας,
1348 239 1477 293 ἔσται,

158 312 216 360 ὡς
246 311 271 364 ἡ
304 311 482 366 τετάρτη
513 311 622 366 πρὸς
651 312 731 364 τὴν
760 313 924 366 τρίτην,
955 311 1092 359 οὕτως
1117 310 1142 363 ἡ
1169 308 1349 364 δευτέρα
1372 310 1479 363 πρὸς

158 380 213 433 ἣν
243 380 269 434 ἡ
301 380 450 435 πρώτη
482 382 613 433 λόγον
644 381 728 433 ἔχει
760 378 1005 434 δεδομένον.
1494 389 1503 426 ᾗ

246 451 437 491 ἔστωσαν
474 448 678 503 τέσσαρες
721 448 888 490 εὐθεῖαι
925 450 973 490 αἱ
1006 453 1067 502 A,
1092 451 1148 501 Β,
1181 449 1234 500 Γ,
1260 451 1303 488 A
1344 427 1505 526 οὕτως]

159 520 334 572 ἔχουσαι
360 519 468 573 πρὸς
493 517 694 571 ἀλλήλας,
719 518 827 558 ὥστε
846 524 980 572 τριῶν
999 520 1253 570 ληφθεισῶν
1277 515 1318 566 ἐξ
1339 516 1505 558 αὐτῶνῐι

159 588 406 629 ὁποιωνοῦν
443 593 530 628 τῶν
570 590 624 640 Α,
656 589 706 639 Β,
739 588 780 627 Γ
815 584 886 627 καὶ
922 587 1124 641 τετάρτης
1166 586 1315 634 αὐταῖς
1350 595 1503 640 προσ-’

160 658 403 711 ληφθείσης
433 661 508 709 τῆς
532 659 584 708 Ε,
616 656 726 710 πρὸς
755 655 810 709 ἢν
840 655 866 708 ἡ
892 659 935 697 A
966 657 1096 708 λόγον
1126 657 1210 709 ἔχει
1236 653 1482 708 δεδομένον,

161 725 377 778 ἀνάλογον
401 721 513 766 εἶναι
532 725 609 773 τὰς
628 728 683 778 A,
704 727 754 778 Β,
775 726 821 779 Γ,
841 728 882 766 Ε
904 725 1094 773 εὐθείας·
1121 723 1244 778 λέγω,
1270 724 1335 766 ὅτι
1355 723 1484 776 ἐστίν,

162 795 220 843 ὡς
251 794 276 847 ἡ
310 798 352 835 A
382 795 490 849 πρὸς
520 795 599 847 τὴν
632 796 678 846 Γ,
711 794 847 843 οὕτως
877 793 903 847 ἡ
935 797 971 834 Β
1002 794 1111 848 πρὸς
1141 793 1195 846 ἣν
1225 793 1251 846 ἡ
1283 796 1324 834 Α
1355 794 1485 845 λόγον
1513 830 1520 843 ,

164 865 251 917 ἔχει
285 862 532 917 δεδομένον.
1512 845 1520 934 ξ

250 931 339 973 ἐπεὶ
378 933 460 987 γάρ
494 932 629 986 ἐστιν,
666 932 724 981 ὡς
753 932 779 985 ἡ
812 936 853 973 A
888 932 994 987 πρὸς
1023 933 1103 986 τὴν
1134 935 1189 985 Β,
1227 931 1365 979 οὕτως
1393 930 1418 983 ἡ
1453 932 1520 980 Γ]

163 1002 272 1056 πρὸς
302 1002 382 1055 τὴν
412 1005 463 1055 Ε,
497 1002 546 1043 τὸ
577 1002 661 1055 αρα
690 1001 775 1042 ὑπὸ
806 1008 893 1042 τῶν
924 1005 978 1054 Α,
1004 1004 1045 1042 Ε
1073 1005 1168 1042 ἴσον
1200 999 1289 1041 ε’στὶ
1312 1006 1371 1055 τῷ
1402 999 1486 1040 ὑπὸ
1512 1002 1520 1042 ¹]

163 1077 251 1111 τῶν
290 1073 345 1123 Β,
374 1072 420 1111 Γ.
488 1069 560 1111 καὶ
598 1068 687 1111 ἐπεὶ
724 1071 851 1122 λόγος
887 1068 975 1110 ἐστὶ
1011 1075 1086 1123 τῆς
1119 1072 1160 1110 Ε
1192 1070 1300 1123 πρὸς
1335 1070 1414 1122 τὴν
1444 1061 1520 1113 A}

167 1139 336 1192 δοθείς,
375 1141 503 1192 λόγος
533 1140 618 1194 ἄρα
650 1137 740 1180 ἐστὶ
775 1137 847 1180 καὶ
877 1144 955 1179 τοῦ
986 1138 1070 1179 ὑπὸ
1101 1145 1189 1179 τῶν
1219 1142 1278 1192 A,
1302 1142 1345 1179 A
1383 1138 1490 1192 πρὸς
1517 1152 1520 1170 ³

165 1208 214 1249 τὸ
244 1207 330 1249 ὑπὸ
362 1215 451 1249 τῶν
478 1212 533 1262 A,
558 1211 598 1249 E
628 1209 794 1256 δοθείς·
824 1213 883 1248 τῶ
915 1205 963 1248 δε
992 1207 1077 1249 ὑπὸ
1107 1214 1195 1249 τῶν
1225 1211 1279 1260 A,
1304 1210 1345 1248 E
1373 1205 1490 1248 ἐστιν
1518 1232 1520 1237 -

168 1281 265 1318 ἴσον
295 1278 344 1318 τὸ
376 1277 460 1319 ὑπὸ
492 1284 580 1319 τῶν
614 1280 663 1330 Β,
690 1279 747 1318 Γ·
791 1278 919 1329 λόγος
955 1277 1039 1331 ἄρα
1076 1275 1148 1317 καὶ
1181 1282 1259 1317 τοῦ
1288 1275 1373 1317 ὑπὸ
1403 1283 1491 1317 τῶν

168 1350 224 1400 A,
249 1350 291 1387 A
321 1346 430 1402 πρὸς
461 1347 510 1387 τὸ
540 1345 626 1387 ὑπὸ
658 1352 745 1388 τῶν
776 1348 826 1398 Β,
853 1347 894 1386 Γ
919 1345 1008 1386 ἐστι
1039 1346 1199 1394 δοθείς.
1260 1346 1376 1386 ἔστιν
1407 1345 1490 1399 ἄρα

169 1416 228 1464 ὡς
258 1414 284 1468 ἡ
316 1419 359 1456 A
388 1416 497 1470 πρὸς
527 1415 608 1468 τὴν
635 1417 682 1468 Γ,
714 1414 852 1464 οὕτως
883 1414 909 1468 ἡ
941 1417 977 1455 Β
1009 1415 1118 1468 πρὸς
1146 1413 1201 1467 ἣν
1231 1413 1256 1467 ἡ
1288 1417 1330 1455 A
1360 1415 1491 1466 λόγον

170 1486 254 1538 ἔχει
285 1483 532 1538 δεδομένον.

786 1563 875 1605 πδ’.

254 1644 354 1687 Ἐὰν
379 1645 460 1686 δύο
486 1644 656 1686 εὐθεῖαι
681 1642 817 1686 δοθὲν
841 1646 1002 1699 χωρίον
1026 1643 1280 1699 περιέχωσιν
1305 1643 1351 1685 ἐν
1370 1643 1491 1684 δεδο-

171 1714 278 1770 μένῃ
309 1716 459 1770 γωνία,
492 1713 518 1766 ἡ
551 1711 598 1754 δὲ
630 1711 752 1768 ἑτέρα
782 1718 857 1767 τῆς
888 1712 1033 1768 ἑτέρας
1064 1714 1243 1768 δοθείσῃ
1273 1714 1426 1767 μείζων
1451 1708 1491 1767 ᾖ,

170 1783 244 1826 καὶ
274 1782 452 1839 ἑκατέρα
485 1782 630 1824 αὐτῶν
661 1784 778 1824 ἔσται
810 1780 1002 1824 δοθεῖσα.

262 1853 343 1894 δύο
374 1852 457 1907 γὰρ
490 1851 661 1893 εὐθεῖαι
691 1851 739 1892 αἱ
766 1854 871 1905 AB,
897 1854 985 1892 ΒΓ
1015 1849 1150 1893 δοθὲν
1185 1852 1346 1905 χωρίον
1375 1864 1492 1905 περι-

172 1921 386 1976 εχέτωσαν
410 1922 458 1962 τὸ
480 1923 572 1962 ΛΓ
593 1920 640 1962 ἐν
665 1920 874 1975 δεδομένῃ
898 1923 1035 1976 γωνία
1059 1925 1110 1975 τῇ
1134 1920 1219 1962 ὑπὸ
1243 1926 1330 1961 τῶν
1349 1920 1493 1971 ΑΒΓ,

269 2050 299 2080 1.
326 2044 529 2126 τεσσάρωιῖι]
552 2057 622 2081 om.
647 2045 683 2079 b.
784 2049 815 2079 2.
843 2043 1027 2089 ἀνάλογον
1054 2065 1095 2070 -
1121 2048 1153 2079 4.
1180 2042 1395 2089 δεδομένον]
1420 2054 1492 2088 mg.

175 2103 244 2126 om.
272 2102 337 2126 acc
373 2103 410 2126 m
445 2095 464 2125 1
625 2095 656 2126 2.
683 2089 854 2136 γίνεσθαι
877 2091 942 2125 vb.
1041 2090 1139 2125 ἔσται
1158 2111 1200 2116 -
1220 2094 1252 2125 4.
1269 2057 1494 2134 δεδομένον]

175 2138 215 2172 αἱ
246 2137 282 2179 ἐξ
308 2138 423 2183 ἀρχῆς
455 2138 601 2172 εὐθεῖαι
633 2136 746 2178 οὕτως
777 2136 896 2179 ἕξουσι
925 2137 1017 2180 πρὸς
1046 2137 1200 2181 ἀλλήλας
1235 2136 1259 2170 b
1297 2137 1334 2170 eb
1363 2135 1494 2169 deinde

175 2205 249 2239 rep
275 2206 309 2239 p.
332 2198 409 2239 162,
430 2198 486 2229 22.
513 2194 601 2230 ὥστε
622 2214 664 2220 —-
683 2207 718 2239 p.
740 2199 817 2238 164,
841 2199 873 2231 2.
900 2193 1058 2234 εὐθείας.
1154 2198 1185 2228 3.
1211 2192 1376 2238 τετάρτη]
1402 2185 1426 2227 δ
1455 2192 1497 2227 Ρ.

222 2250 361 2298 τρίτην]
388 2266 409 2297 γ
434 2252 478 2295 Ρ,
505 2265 551 2287 -ι-
576 2252 615 2286 in
633 2263 703 2287 ras.
723 2264 769 2288 m.
791 2256 809 2286 1
835 2263 868 2288 v.
942 2250 1108 2298 δευτέρα]
1134 2253 1157 2297 β
1181 2251 1219 2286 P.
1296 2254 1325 2285 7.
1351 2250 1495 2295 αὐταῖς]
