1520 2508
601 102 743 136 DATA.
1263 101 1345 142 111

40 230 43 232 ,
90 210 190 238 nam
239 195 442 250 quoniam
492 197 641 238 datum
690 199 757 239 est
807 199 932 252 ΑΗ,
988 197 1109 240 cuius
1159 211 1349 253 gnomon

8 267 175 310 ΕΓΒΔ
183 268 278 308 ΖΗ
285 266 410 308 datus
425 269 502 322 est,
515 267 729 322 reliquum
742 271 786 310 A
794 270 831 309 B
847 268 996 310 datum
1009 268 1092 310 erit
1107 268 1244 323 [prop.
1254 267 1347 323 IV].

8 351 152 380 uerum
176 336 306 378 etiam
332 337 471 392 specie
491 337 640 379 datum
660 341 727 380 est
753 338 815 393 [II
835 338 917 380 def.
932 340 979 393 23
1000 338 1075 394 VI,
1089 339 1177 394 24].
1219 353 1350 394 quare

7 408 138 450 latera
160 407 550 463 parallelogrammi
575 411 663 450 AB
695 409 798 450 data
825 412 926 451 sunt
954 409 1095 464 [prop.
1116 409 1226 464 LV}
1275 410 1338 451 ita

9 492 87 534 que
126 480 354 532 utrumque
401 480 498 533 ΓΑ,
535 482 629 520 ΑΛ
674 480 822 521 datum
866 482 943 522 est.
1022 495 1173 522 uerum
1216 480 1348 523 etiam

8 550 229 603 utrumque
261 552 362 604 EA,
387 553 430 591 Α
438 552 474 590 Ζ
505 549 656 591 datum
688 553 754 591 est
787 550 894 605 [ib.].
957 565 1059 606 ergo
1093 552 1224 593 etiam
1254 551 1350 594 reli-

10 633 135 674 quum
165 621 393 674 utrumque
425 621 521 675 ΕΓ,
546 623 590 661 Δ
600 623 635 661 Ζ
667 620 817 662 datum
849 623 915 662 est
948 621 1085 676 [prop.
1112 621 1206 676 IV].

618 748 729 791 LXI.

92 829 136 872 Si
175 830 350 873 cuilibet
388 831 573 873 laterum
610 833 773 888 figurae
813 832 953 888 specie
992 833 1115 875 datae
1161 832 1350 888 spatium

8 901 449 958 parallelogrammum
481 902 719 958 adplicatur
749 903 796 944 in
827 902 928 944 dato
956 903 1115 959 angulo
1143 906 1186 945 et
1210 904 1350 959 figura

10 971 61 1013 ad
82 972 527 1029 parallelogrammum
552 973 766 1015 rationem
791 973 926 1015 habet
945 974 1102 1030 datam,
1126 974 1350 1029 parallelo-

0 1054 242 1097 grammum
273 1044 421 1086 datum
453 1046 519 1086 est
551 1044 704 1099 specie.

92 1126 191 1155 nam
216 1114 392 1156 cuilibet
415 1114 542 1156 lateri
564 1116 644 1156 ΓΒ
669 1115 833 1170 figurae
859 1115 1000 1170 specie
1027 1116 1151 1157 datae
1172 1119 1215 1157 A
1224 1117 1349 1157 ΖΓΒ

0 1183 191 1239 spatium
238 1184 690 1240 parallelogrammum
741 1185 980 1240 adplicetur
1025 1188 1111 1227 ΓΔ
1158 1186 1206 1228 in
1248 1187 1348 1228 dato

0 1262 1 1268 ’
711 1257 869 1311 angulo
903 1258 1045 1311 ΛΓΒ,
1084 1259 1128 1298 et
1158 1255 1271 1298 ratio
1302 1257 1350 1297 fi-

458 1323 497 1359 Α
707 1340 838 1382 gurae
886 1328 980 1368 ΑΓ
1024 1326 1077 1367 ad
1125 1326 1350 1382 parallelo-

708 1411 950 1453 grammum
1000 1399 1082 1439 ΓΔ
1131 1397 1231 1439 data
1281 1397 1348 1439 sit.

252 1480 282 1512 Z
704 1467 816 1523 dico,
831 1469 911 1509 ΓΛ
925 1468 1074 1509 datum
1088 1481 1181 1508 esse
1196 1466 1348 1521 specie.

776 1538 957 1580 ducatur
978 1537 1093 1579 enim
1119 1551 1196 1591 per
1220 1552 1351 1591 punc-

0 1597 3 1653 l,
254 1580 300 1613 Γ
550 1585 594 1619 Β
705 1612 801 1665 tum
817 1611 855 1650 Β
875 1611 1016 1650 rectae
1039 1609 1127 1649 ΖΓ
1144 1607 1353 1662 parallela

0 1691 3 1695 '
706 1681 818 1733 ΒΗ,
853 1693 931 1734 per
965 1682 1000 1720 Z
1032 1681 1177 1720 autem
1207 1681 1349 1720 rectae

58 1609 594 1810 Aa
710 1750 790 1790 ΓΒ
821 1748 1027 1803 parallela
1060 1750 1157 1789 ZH
1184 1747 1235 1803 [I‚
1262 1748 1350 1802 31].

0 1805 43 1843 ²⁴4
245 1825 280 1859 Δ
336 1823 384 1862 K
600 1809 640 1845 Θ
708 1821 751 1860 et
794 1819 1089 1873 producantur
1136 1821 1229 1874 ΖΓ,
1259 1821 1353 1860 ΗΒ

0 1908 5 1922 ’
713 1889 765 1930 ad
795 1891 956 1943 puncta
990 1891 1041 1944 Θ,
1066 1890 1119 1929 Κ.

0 1938 6 2028 Ρ
96 1954 295 2008 quoniam
320 1959 347 2005 L
369 1958 494 1998 ΖΓΒ
526 1957 650 1999 datus
683 1961 749 2000 est
781 1961 824 2000 et
857 1958 968 2000 ratio
1003 1960 1112 2000 ZI':
1135 1960 1215 2000 ΓΒ
1254 1959 1353 2000 data

3 2023 77 2085 ζθεὴ
106 2022 203 2078 [def.
230 2025 295 2081 3]‚
330 2027 783 2083 parallelogrammum
818 2032 899 2070 ΖΒ
938 2029 1078 2084 specie
1110 2029 1253 2071 datum
1288 2032 1355 2071 est

100 2150 143 2184 In
165 2150 282 2197 figura
308 2153 388 2188 cod.
415 2153 440 2188 b
465 2153 616 2190 litterae
640 2159 685 2200 Δ,
706 2158 743 2190 K
767 2156 1007 2200 permutatae
1033 2157 1128 2191 sunt.

6 2266 61 2320 [K’
81 2267 113 2302 Θ
136 2267 174 2303 P.
271 2272 326 2304 22.
357 2272 478 2318 ΖΓΒ]
509 2275 580 2307 ΖΓ
600 2285 633 2308 V.
732 2277 788 2309 23.
814 2274 893 2320 τῆς]
920 2284 1010 2309 corr.
1031 2284 1075 2309 ex
1093 2279 1137 2320 τῇ
1155 2286 1203 2309 m.
1225 2278 1245 2309 2
1265 2275 1351 2309 Vat.

54 2315 109 2349 24.
133 2317 183 2361 τῷ
209 2314 301 2350 εἴδει
320 2316 433 2364 (alt.)]
460 2329 529 2355 om.
551 2319 586 2354 b.
