1520 2508
637 47 776 81 DATA.
1326 40 1395 83 13·

42 151 127 192 AB
169 147 223 190 ad
261 149 486 201 utramque
526 142 870 200 magnitudinem
907 142 1010 197 ΑΓ,
1042 142 1122 183 ΓΒ
1166 138 1382 182 rationem

0 218 4 268 Ἰ
41 219 197 262 habere
228 218 383 260 datam.

128 296 312 351 ponatur
348 292 462 335 enim
499 291 600 334 data
635 290 888 347 magnitudo
925 293 970 332 A
976 293 1026 332 E.
1094 291 1137 331 et
1178 286 1384 343 quoniam

43 365 153 409 ratio
184 368 227 407 A
235 366 298 406 F:
320 365 399 406 ΓΒ
438 363 538 405 data
576 364 661 417 est,
704 361 853 403 eadem
891 363 1020 415 atque
1057 359 1133 402 illa
1163 359 1241 401 fiat
1270 357 1383 401 ratio

782 435 826 474 A
833 435 875 474 E
892 447 901 474 ε
921 435 963 474 E
970 434 1017 473 Z.
1088 430 1235 486 itaque
1272 428 1385 472 ratio

0 493 1 499 ¹
43 486 72 518 A
401 482 435 514 Γ
528 482 555 514 Β

410 526 538 551 ι--ι
782 506 894 545 A-E:
908 505 993 544 ΕΖ
1013 502 1114 544 (1313
1128 504 1194 544 est
1214 499 1387 557 [def.2].

43 592 77 624 A
506 588 538 621 Ε
684 587 711 619 Ζ
783 588 934 616 uerum
989 573 1242 629 magnitudo
1296 575 1392 614 ΔΕ

56 635 63 660 ’
690 632 693 655 ¹
784 645 884 687 data
928 647 1005 687 est.
1080 658 1210 699 quare
1255 642 1388 685 etiam

46 719 296 776 magnitudo
322 721 405 760 EZ
437 718 537 773 data
568 720 634 760 est
666 717 804 772 [prop.
824 715 900 771 II].
953 714 1099 771 itaque
1131 717 1275 757 totum
1300 717 1343 756 A
1353 716 1389 755 Z

44 791 194 832 datum
225 792 290 831 est
322 789 462 845 [prop.
486 788 584 844 III].
646 791 713 830 est
743 790 888 830 autem
919 789 1103 842 utraque
1134 785 1388 842 magnitudo

45 864 153 916 AE,
186 863 272 903 ΕΖ
320 860 431 903 data.
512 874 642 915 quare
691 858 805 901 ratio
849 857 1161 914 magnitudinis
1198 861 1242 899 A
1251 859 1286 899 Z
1336 857 1390 899 ad

46 934 272 986 utramque
308 931 651 988 magnitudinem
681 933 788 986 ΔΕ,
812 932 896 971 ΕΖ
934 929 1036 971 data
1073 931 1139 971 est
1172 928 1310 984 [prop.
1337 927 1391 984 I].

44 1005 90 1045 et
116 1002 318 1057 quoniam
340 1004 455 1044 AF:
478 1004 557 1043 ΓΒ
573 1022 628 1035 =
642 1005 685 1042 A
693 1004 734 1042 E
751 1016 760 1042 ι
780 1003 877 1055 ΕΖ,
907 1000 1201 1055 componendo
1223 999 1295 1055 [V‚
1317 998 1391 1054 18]

45 1073 131 1115 erit
174 1075 259 1114 AB
281 1087 289 1113 :
310 1074 398 1113 ΒΓ
418 1092 473 1105 =
499 1074 587 1112 AZ
607 1086 616 1112 ε
638 1073 730 1112 ΖΕ.
804 1073 848 1111 et
891 1070 1180 1112 conuertendo
1226 1069 1304 1126 [V‚
1337 1070 1391 1112 19

47 1142 216 1198 oorolL]
244 1145 329 1184 AB
350 1158 359 1183 ε
380 1144 472 1184 ΑΓ
486 1162 541 1176 =
560 1144 648 1183 AZ
668 1156 677 1182 ε
696 1144 740 1182 A
747 1143 796 1182 Ε.
846 1143 889 1183 et
914 1141 1119 1204 quoniam
1138 1141 1392 1198 magnitudo

49 1217 93 1256 Δ
102 1217 137 1255 Ζ
175 1214 229 1256 ad
258 1216 485 1267 utramque
517 1212 861 1269 magnitudinem
890 1215 992 1267 AE,
1018 1216 1101 1254 ΕΖ
1139 1227 1234 1255 eam
1264 1212 1394 1255 ratio-

48 1299 148 1339 nem
190 1284 338 1339 habet,
383 1298 511 1338 quam
555 1286 642 1325 AB
687 1283 740 1325 ad
782 1286 1008 1339 utramque
1052 1283 1395 1341 magnitudinem

50 1357 149 1410 ΛΓ,
176 1357 275 1411 ΓΒ,
311 1354 442 1397 etiam
472 1354 584 1396 ratio
616 1353 927 1410 magnitudinis
959 1357 1046 1396 AB
1082 1355 1135 1397 ad
1165 1358 1394 1411 utramque

48 1424 392 1481 magnitudinem
422 1426 520 1479 ΑΓ,
546 1426 626 1466 ΓΒ
659 1425 758 1467 data
789 1428 866 1467 est.

488 634 521 656 *1

674 1601 770 1644 VII.

43 1742 51 1749 ,
143 1694 190 1738 Si
226 1696 326 1738 data
363 1696 615 1752 magnitudo
652 1697 699 1738 in
736 1697 881 1739 datam
918 1697 1130 1740 rationem
1167 1698 1398 1756 dirimitur,

53 1769 233 1821 utraque
263 1782 363 1823 pars
394 1767 494 1810 data
525 1771 602 1810 est.

144 1842 244 1885 data
291 1844 405 1886 enim
453 1845 706 1901 magnitudo
756 1848 845 1887 AB
894 1845 941 1887 in
989 1846 1135 1888 datam
1183 1847 1397 1890 rationem

57 1917 100 1955 A
109 1915 178 1955 F:
205 1916 284 1956 ΓΒ
328 1915 563 1957 dirimatur.
632 1915 747 1972 dico,
789 1919 1017 1972 utramque
1055 1918 1398 1974 magnitudinem

36 1986 166 2039 ἈΓ,
201 1986 283 2026 ΓΒ
320 1985 464 2028 datam
501 2001 605 2029 esse.

54 2086 87 2117 A
376 2087 410 2119 Γ
519 2088 547 2120 Β
678 2073 780 2100 113111
812 2057 1017 2113 quoniam
1042 2059 1154 2102 ratio
1180 2065 1222 2102 A
1230 2063 1273 2103 Γ
1286 2077 1295 2103 :
1317 2064 1397 2104 ΓΒ

69 2129 75 2153 ¹
295 2146 303 2150 ·
391 2132 541 2155 ρξ’
622 2129 723 2171 data
765 2132 850 2185 est,
899 2129 1031 2172 etiam
1073 2131 1185 2174 ratio
1235 2133 1400 2189 magni-

53 2196 222 2238 tudinis
267 2200 356 2239 ΑΒ
411 2199 464 2241 ad
511 2202 739 2256 utramque
788 2200 1130 2257 magnitudinem
1175 2204 1282 2258 ΑΓ,
1316 2205 1399 2245 ΓΒ

54 2266 160 2309 data
191 2270 257 2310 est
290 2268 425 2324 [prop.
450 2269 545 2326 VI]
603 2286 753 2313 uerum
786 2271 1038 2328 magnitudo
1070 2262 1157 2315 AB
1190 2273 1291 2316 data
1323 2277 1402 2316 est.
