1520 2508
117 876 139 907 5

69 1206 140 1253 '10

97 1568 142 1600 15

100 1915 146 1946 20
172 1903 283 1948 εἶναι
320 1905 618 1960 ἀπεφήναντο,
658 1906 799 1959 ὥσπερ
838 1904 959 1945 δοκεῖ
985 1904 1008 1946 ὁ
1039 1907 1328 1958 Πτολεμαῖος,
1371 1905 1493 1946 δεδο-

251 596 439 647 Πρῶτον
477 593 546 633 δεῖ
583 591 765 646 θέσθαι,
801 594 846 633 τί
875 593 923 633 τὸ
955 590 1206 646 δεδομένον·
1250 592 1412 645 ἔπειτα,
1447 605 1492 647 ‘¹51

164 663 212 704 τὸ
243 663 454 717 χρήσιμον
484 667 560 715 τῆς
589 660 687 717 περὶ
713 662 870 702 τούτου
895 663 1199 717 πραγματείας,
1230 662 1382 702 εἰπεῖν·
1417 650 1520 739 naq·

164 733 326 786 τρίτον,
356 730 441 772 ὑπὸ
472 732 570 772 τίνα
602 729 839 784 ἐπιστήμην
871 729 1085 783 ἀνοίγεται.
1484 741 1492 762 ⁴

245 798 482 854 Ὁρίζονται
514 800 567 853 δὴ
604 800 652 840 τὸ
691 797 927 853 δεδομένον
963 802 1206 852 πολλαχῶς,
1249 797 1320 840 καὶ
1351 798 1519 853 ἄλλω9

163 866 243 923 μὲν
286 869 332 910 οἱ
370 870 664 924 παλαιότεροι,
708 869 848 917 ἄλλως
885 866 933 909 δὲ
969 868 1014 909 οἱ
1045 868 1264 923 νεώτεροι·
1314 868 1383 909 διὸ
1418 883 1472 909 κα
1485 856 1493 911 -
1511 861 1516 894 ’-

165 937 325 992 συνέβη
357 938 546 992 χαλεπὴν
574 934 685 978 εἶναι
710 938 789 991 τὴν
815 936 958 991 ἀληθῆ
983 935 1081 992 περὶ
1106 937 1241 978 αὐτοῦ
1267 935 1516 979 ἀπόδοσιν

164 1005 236 1048 καὶ
267 1009 375 1049 ἔνιοι
406 1005 484 1061 μὲν
515 1004 618 1048 οὐδὲ
649 1006 830 1062 ὁρισμόν
861 1021 959 1047 τινα
990 1006 1125 1048 αὐτοῦ
1151 1006 1491 1061 ἀποδεδώκασιν,

166 1077 281 1118 ἴδιον
330 1075 382 1117 δέ
420 1091 462 1117 τι
510 1081 588 1118 τοῦ
643 1075 878 1130 δεδομένου
922 1075 1138 1130 εὑρίσκειν
1181 1075 1490 1131 ἐπειράθησαν

167 1145 305 1201 ἕτεροι
336 1143 384 1187 δὲ
415 1144 730 1199 συμπλέξαντες
759 1146 842 1198 ἤδη
869 1145 920 1186 τὰ
945 1143 1046 1200 παρ’
1070 1144 1247 1186 ἐκείνων
1272 1144 1474 1200 ὀρίζεσθα

167 1215 271 1257 αὐτὸ
309 1214 589 1274 ἐπεχείρησαν
624 1213 695 1256 καὶ
734 1212 837 1256 οὐδὲ
873 1211 994 1256 οὗτοι
1030 1214 1276 1268 συμφώνως
1312 1212 1497 1263 ἑαυτοῖς

167 1284 330 1326 ἐοίκασι
367 1282 414 1325 δὲ
444 1272 601 1333 πάιῗτες
638 1283 684 1325 ἑκ
714 1290 814 1338 μιᾶς
850 1282 922 1325 καὶ
953 1290 1028 1337 τῆς
1058 1283 1190 1337 αὐτῆς
1221 1282 1392 1333 ἐννοίας
1420 1298 1474 1324 κα

166 1354 423 1407 ὑπολήψεως
459 1352 723 1409 ὁρμηθέντες
763 1352 904 1406 λέγειν
939 1368 980 1394 τι
1022 1351 1120 1408 περὶ
1162 1353 1316 1394 αὐτοῦ·
1365 1367 1472 1394 κατα

170 1423 333 1476 ληπτὸν
363 1423 445 1476 γάρ
478 1438 519 1464 τι
550 1423 598 1464 τὸ
630 1421 866 1476 δεδομένον
897 1419 1008 1464 εἶναι
1032 1420 1262 1476 ὑπέλαβον.
1311 1422 1380 1463 διὸ
1405 1428 1463 1463 τῶ

168 1491 463 1546 ἁπλούστερον
487 1490 559 1532 καὶ
583 1498 661 1547 μιᾷ
680 1507 766 1533 τινι
785 1492 976 1546 διαφορᾷ
1000 1491 1285 1545 περιγράφειν
1303 1491 1351 1532 τὸ
1371 1490 1471 1532 δεδο
1499 1484 1501 1534 J

167 1559 299 1615 μένον
328 1560 614 1615 προθεμένων
646 1562 691 1602 οἱ
717 1558 796 1614 μὲν
821 1559 1093 1614 τεταγμένον,
1124 1559 1182 1608 ὡς
1208 1558 1494 1608 Ἀπολλώνιος

168 1629 215 1671 ἐν
251 1635 310 1686 τῷ
347 1628 446 1684 περὶ
476 1630 666 1671 νεύσεων
702 1627 774 1670 καὶ
812 1628 859 1670 ἐν
895 1635 946 1683 τῇ
982 1630 1177 1670 καθόλου
1213 1630 1497 1684 πραγματείᾳ,

169 1699 215 1740 οί
242 1696 290 1740 δὲ
320 1699 557 1755 γνώριμον,
589 1698 648 1748 ὡς
679 1698 924 1752 Διόδωρος·
957 1697 1070 1739 οὕτω
1102 1698 1183 1752 γὰρ
1215 1698 1291 1747 τὰς
1321 1697 1472 1739 ἀκτῖνα
1499 1731 1501 1734 ⁴

169 1767 241 1809 καὶ
271 1768 347 1817 τὰς
378 1769 540 1821 γωνίας
570 1768 782 1809 δεδόσθαι
813 1766 925 1819 λέγει
955 1765 1027 1807 καὶ
1057 1772 1145 1808 πᾶν
1170 1767 1218 1808 τὸ
1245 1767 1306 1815 εἰς
1329 1767 1494 1820 γνῶσίν

169 1853 267 1878 τινα
298 1836 445 1891 ἐλθόν,
475 1835 547 1878 καὶ
578 1838 618 1878 εἰ
646 1837 703 1890 μὴ
735 1836 867 1891 ῥητὸν
898 1839 975 1888 εἴη.
1024 1836 1133 1876 ἔνιοι
1158 1833 1206 1876 δὲ
1230 1835 1363 1890 ῥητὸν
1388 1835 1497 1877 αὐτὸ

1486 763 1516 791 ¹!

169 1974 277 2029 μένα
308 1974 449 2016 ἐκεῖνα
479 1974 830 2030 προσαγορεύων,
863 1970 925 2015 ὧν
954 1973 1002 2014 τὸ
1033 1972 1191 2028 μέτρον
1221 1972 1310 2015 ἐστὶ
1336 1973 1498 2027 γνώρι-ῑ

261 2100 458 2145 ὑπόμνημα
491 2099 542 2139 εἰς
565 2111 612 2133 τα
643 2096 823 2143 δεδομένα
855 2096 1062 2137 ενκλείδους
1086 2098 1160 2132 ἀπο
1187 2102 1311 2142 φωνῆς
1336 2094 1498 2141 μαρίνου

171 2146 374 2191 φιλοσόφου
399 2158 445 2181 m.
468 2149 486 2180 1
507 2145 609 2188 vam
635 2142 847 2189 προθεωρία
872 2149 944 2179 τῶν
971 2142 1157 2179 εὐκλείδου
1183 2141 1391 2187 δεδομένων
1417 2142 1502 2178 ἀπὸ

171 2199 296 2238 φωνῆς
332 2191 489 2236 μαρίνου
527 2190 731 2235 φιλοσόφου
767 2202 839 2235 mg.
871 2201 918 2225 m.
952 2194 972 2224 2
1010 2191 1216 2224 atramento
1247 2189 1357 2223 rubro
1389 2188 1491 2232 Vat.‚

170 2242 419 2283 προλεγομενα
443 2244 516 2273 τῶν
536 2239 744 2282 δεδομενων
765 2237 951 2272 ενκλειδου
974 2248 1048 2271 απο
1069 2249 1194 2281 φωνης
1213 2233 1369 2280 μαρίνου
1390 2236 1498 2279 φιλο*

171 2286 289 2330 σόφου
319 2297 352 2320 v,
475 2288 505 2319 7.
543 2284 606 2319 καὶ
639 2283 729 2319 ἔνιοι
755 2281 821 2327 μὲν
847 2280 948 2328 οὐδέ]
982 2281 1073 2317 ἔνιοι
1098 2280 1164 2327 μὲν
1189 2281 1257 2328 γὰρ
1293 2280 1373 2316 οὐδ’
1407 2281 1491 2316 Vat.
