1520 2508
581 79 860 115 PRAEFATIO.
1334 74 1404 110 VH

113 181 420 225 commemorat
453 177 643 220 codicem
668 175 714 218 P.
740 176 952 231 Tannery,
981 174 1181 230 Rapport
1214 188 1287 216 sur
1318 187 1402 214 une

113 252 294 295 mission
324 265 377 292 en
407 248 534 291 Italie
564 264 604 304 p.
630 249 701 291 43.

53 325 81 366 b
98 345 151 359 =
166 323 256 366 cod.
266 321 557 364 bibliothecae
574 319 857 362 communalis
868 316 1156 360 Bononiensis
1170 315 1210 358 A
1223 317 1259 372 1,
1271 316 1337 371 18,
1348 315 1401 357 19

114 395 328 451 signatus,
366 392 542 434 membr.
577 405 685 434 saec.
717 389 798 445 XI,
837 389 1005 432 duobus
1044 390 1247 431 constans
1282 386 1405 428 uolu-

113 465 319 520 minibus3
345 480 386 506 u.
406 463 490 506 uol.
504 462 546 505 V
564 478 604 518 p.
621 461 813 504 XXXIII
827 475 887 516 sq.
910 463 953 502 et
972 460 1176 516 Heiberg,
1197 458 1403 501 Zeitschr.

113 537 142 579 f.
178 536 313 578 Math.
351 551 391 577 u.
431 534 560 591 Phys.
597 533 863 575 hist-litter.
901 532 1005 574 Abt.
1035 530 1180 573 XXIX
1215 547 1254 586 p.
1288 531 1314 572 6
1341 544 1404 585 sq.

112 608 228 650 Data
253 607 447 650 continet
471 606 556 648 uol.
577 603 620 647 II
647 607 840 660 quatern.
861 607 1006 659 λη-μ
1030 602 1129 644 inde
1157 617 1182 644 a
1205 617 1244 657 p.
1261 602 1329 655 64,
1347 601 1404 643 22

113 679 298 734 ἀχθεῖσα
341 685 393 734 τῇ
436 676 558 719 θέσει
603 675 708 733 (mg.
755 678 891 718 λείπει
929 674 955 729 ἡ
995 672 1124 730 ἀρχή)
1168 687 1304 728 usque
1349 671 1403 714 ad

114 766 154 806 p.
183 751 278 805 172,
304 750 360 791 20
393 747 567 791 δέδοται
598 753 658 805 τῷ
691 745 880 802 μεγέθει.
942 745 1096 788 titulus
1130 747 1212 787 est:
1244 743 1406 786 εὐκλεί-

114 823 196 864 δου
240 819 454 876 δεδομένα
496 826 573 875 τῆς
616 818 791 868 Θέωνος
833 817 1058 867 ἐκδόσεως.
1132 814 1405 858 memorabili

113 892 473 935 transmutatione
498 890 703 933 foliorum
728 889 892 932 factum
919 891 996 943 est,
1023 890 1072 929 ut
1097 901 1176 943 pro
1195 903 1237 942 p.
1260 887 1326 942 76,
1350 887 1403 928 16

112 964 331 1021 τριγώνου
362 988 411 993 -
439 978 479 1018 p.
507 962 575 1017 80,
604 963 626 1003 7
655 959 725 1003 ε’πὶ
750 962 830 1015 τὴν
856 963 899 1002 A
909 962 951 1002 Γ
974 959 1245 1015 reperiantur
1269 957 1404 999 uerba

111 1052 149 1092 p.
171 1036 240 1091 56,
263 1034 318 1078 14
342 1034 584 1090 γεγράφθω
608 1058 659 1063 -
682 1032 740 1074 20
766 1031 899 1086 ἐστιν,
929 1030 1242 1073 demonstratio
1269 1029 1405 1071 altera

111 1120 282 1162 propos.
303 1106 371 1160 33,
397 1119 568 1160 propos.
590 1105 647 1147 34
672 1118 808 1159 usque
830 1103 883 1144 ad
908 1118 948 1158 p.
970 1103 1039 1157 58,
1061 1102 1116 1143 10
1142 1098 1281 1143 δοθὲν
1306 1101 1401 1156 ἄρα.

113 1175 227 1219 uol.I
240 1175 539 1218 definitionum
552 1177 596 1217 et
607 1173 956 1230 propositionum
970 1172 1161 1215 solarum
1172 1172 1296 1229 quasi
1307 1186 1405 1214 con-

115 1251 310 1304 spectum
324 1247 528 1302 continet,
542 1246 662 1288 cuius
677 1245 936 1300 scripturam
948 1243 1188 1300 significaui
1204 1244 1352 1285 littera
1364 1245 1405 1298 β.

56 1335 81 1362 a
101 1340 154 1353 =
177 1319 267 1361 cod.
293 1317 528 1360 Florentin.
560 1316 875 1358 Laurentianus
906 1313 1114 1370 XXVIII,
1144 1317 1186 1370 1,
1224 1314 1403 1357 membr.

113 1405 221 1432 saec.
248 1388 363 1432 XIV.
431 1388 546 1430 Data
581 1387 775 1430 continet
810 1386 884 1428 fol.
912 1386 1179 1429 32511—336.
1242 1386 1288 1427 in
1319 1385 1404 1427 fine

112 1461 288 1518 legitur:
329 1459 462 1510 τέλος.
507 1459 753 1501 Εὐκλείδου
786 1456 1000 1513 δεδομένα
1031 1463 1108 1512 τῆς
1136 1455 1311 1507 Θέωνος
1342 1456 1405 1499 ε’κ-

113 1533 287 1587 δόσεως,
317 1531 389 1573 fol.
416 1535 476 1573 1¹²:
506 1530 590 1572 iste
621 1530 732 1572 liber
764 1532 830 1571 est
861 1527 986 1586 (corr.
1015 1526 1159 1585 (ποί-Β)
1191 1528 1405 1570 Demetrii

113 1602 298 1645 Ghidoni
330 1601 467 1644 Greci.
524 1601 656 1643 codex
689 1600 866 1643 eandem
898 1614 1030 1655 quam
1061 1600 1088 1641 b
1121 1599 1253 1641 habet
1278 1599 1404 1641 folio-

112 1690 209 1717 rum
239 1672 660 1716 transmutationem.

52 1761 75 1787 z
98 1766 150 1780 =
172 1746 260 1787 cod.
286 1744 420 1786 Paris.
449 1743 522 1786 Gr.
548 1745 684 1799 2448,
715 1742 913 1798 bombyc.
948 1756 1056 1784 saec.
1082 1740 1201 1798 XIV,
1235 1742 1286 1784 de
1318 1755 1404 1797 quo

111 1832 151 1858 u.
166 1815 339 1871 Omont⁷
358 1815 605 1857 Inventaire
618 1813 663 1857 II
681 1829 722 1869 p.
737 1814 834 1856 263.
866 1813 982 1855 Data
999 1814 1133 1855 habet
1152 1812 1226 1855 fol.
1238 1811 1404 1854 25—56

114 1888 212 1930 inde
244 1903 270 1929 a
299 1901 470 1943 propos.
498 1888 574 1942 243
605 1886 760 1928 titulus
793 1888 859 1927 est
889 1885 1101 1941 θεώρημα
1131 1884 1224 1926 ἱιδν.

141 1958 223 2001 His
257 1958 475 2001 codicibus
507 1972 532 1999 a
563 1971 631 1998 me
662 1957 758 2012 ipso
791 1955 959 1998 collatis
990 1955 1054 1996 ita
1079 1970 1182 1997 usus
1216 1969 1323 2010 sum,
1354 1957 1404 1996 ut

53 2033 222 2072 textum
251 2029 528 2085 potissimum
559 2028 613 2069 ad
645 2027 803 2070 codicis
829 2026 863 2068 P
895 2026 1201 2068 auctoritatem
1231 2040 1405 2069 reuoca-

54 2117 145 2144 rem
176 2115 314 2155 neque
352 2101 405 2143 ad
443 2102 608 2142 ceteros
641 2099 918 2155 confugerem
954 2097 1039 2140 nisi
1075 2097 1130 2139 iis
1165 2097 1291 2154 locis,
1327 2097 1405 2139 ubi

39 2173 180 2215 illum
213 2166 375 2227 aliquid
406 2171 505 2213 uitii
537 2170 802 2214 contraxisse
841 2172 916 2212 aut
947 2171 1167 2211 constaret
1206 2172 1281 2211 aut
1311 2170 1404 2211 ueri

57 2244 326 2287 simillimum
351 2245 477 2286 esset.
522 2242 790 2285 coniecturas
817 2241 908 2283 siue
932 2240 1147 2282 editorum
1174 2240 1265 2282 siue
1285 2255 1403 2290 meas

54 2330 152 2358 raro
189 2315 236 2357 in
274 2314 466 2380 ordinem
501 2314 734 2356 uerborum
770 2312 930 2369 recepi3
974 2326 1058 2367 qua
1094 2311 1141 2352 in
1177 2327 1222 2353 re
1261 2312 1298 2354 si
1334 2312 1404 2354 cui
