1520 2508
70 838 113 869 10

66 1185 113 1215 >15

69 1531 114 1562 20

71 1878 113 1909 25

136 111 191 153 80
662 114 926 147 ΔΕΔΟΜΕΝΑ.

222 208 329 248 ἔστω
366 207 581 261 τρίγωνον
617 206 665 247 τὸ
697 208 833 247 ΑΒΓ
866 208 969 260 μίαν
1006 208 1104 260 ἔχον
1139 209 1303 260 γωνίαν
1332 209 1451 251 6⁸60-

135 274 270 329 μένην
300 276 379 329 τὴν
409 275 493 316 ὑπὸ
524 281 612 316 τῶν
642 277 779 328 ΒΑΓ,
811 274 910 331 περὶ
939 273 986 317 δὲ
1017 276 1153 329 ἄλλην
1182 279 1344 329 γωνίαν
1373 278 1466 333 τὴν,

135 344 220 385 ὑπὸ
246 351 333 385 τῶν
352 346 488 385 ΑΒΓ
512 344 560 385 αἱ
580 343 761 399 πλευραὶ
785 345 834 385 αί
855 344 956 398 ΑΒ,
977 347 1065 386 ΒΓ
1089 347 1219 398 λόγον
1244 345 1451 399 ἐχέτωσαν

137 413 244 467 πρὸς
274 412 460 465 ἀλλήλας
484 411 736 467 δεδομένον·
767 412 890 467 λέγω,
921 414 986 455 ὅτι
1011 415 1059 455 τὸ
1085 417 1221 456 ΑΒΓ
1242 417 1453 470 τρίγωνον

138 481 310 523 δέδοται
340 488 398 538 τῷ
431 483 547 523 εἴδει.

223 553 280 606 μὴ
318 554 425 593 ἔστω
463 553 516 605 δὴ
554 552 579 606 ἡ
615 551 700 594 ὑπὸ
737 559 824 594 τῶν
854 555 986 594 ΒΑΓ
1017 554 1152 606 γωνία
1185 553 1316 607 ὀρθή,
1358 552 1448 596 ἀλλ’

138 623 243 663 ἔστω
274 611 486 677 πρότερον
511 620 638 675 ὀξεῖα,
668 620 740 662 καὶ
764 622 886 675 ἤχθω
914 622 996 664 ἀπὸ
1021 628 1099 664 τοῦ
1124 625 1160 664 Β
1187 625 1362 677 σημείου
1387 621 1453 665 ἐπὶ

137 691 216 744 τὴν
247 692 338 731 ΑΓ
366 690 548 739 καθετος
584 690 610 743 ἡ
648 693 739 732 ΒΔ.
812 689 902 732 ε’πεὶ
939 691 1121 732 δοθεῖσα
1158 691 1274 733 ἐστιν
1309 691 1335 744 ἡ
1370 691 1451 734 ὑπὸ

137 827 209 870 καὶ
234 830 360 883 λοιπὴ
386 830 470 884 ἄρα
494 829 520 883 ἡ
545 829 629 870 ὑπὸ
654 836 742 870 τῶν
761 832 890 870 ΑΒΔ
915 829 1096 870 δοθεῖσα
1122 829 1255 871 ἐστιν·
1287 829 1452 872 δέδοται

137 898 220 952 ἄρα
251 899 299 939 τὸ
330 901 456 939 ΒΑΔ
492 900 707 953 τρίγωνον
743 904 802 954 τῷ
839 899 960 940 εἴδει·
1004 901 1131 952 λόγος
1161 899 1244 951 ἄρα
1274 905 1348 952 τῆς
1377 901 1454 940 ΒΑ

65 998 70 1003 -
137 967 244 1022 πρὸς
279 968 358 1020 τὴν
394 970 481 1008 ΒΔ
518 968 678 1017 δοθείς.
745 967 853 1009 ἀλλὰ
889 974 964 1022 τῆς
1000 971 1085 1009 ΑΒ
1122 969 1230 1023 πρὸς
1265 969 1344 1022 τὴν
1379 969 1462 1009 ΒΓ

138 1038 265 1089 λόγος
308 1035 398 1078 ἐστὶ
435 1037 601 1086 δοθείς·
650 1036 722 1078 καὶ
764 1043 839 1091 τῆς
874 1040 961 1078 ΒΔ
1003 1039 1085 1092 ἄρα
1121 1038 1228 1092 πρὸς
1263 1038 1342 1091 τὴν
1377 1038 1462 1078 ΒΓ

138 1108 265 1159 λόγος
296 1105 385 1148 ἐστὶ
416 1107 575 1156 δοθείς.
632 1108 707 1148 καί
736 1106 854 1148 ἐστιν
884 1106 997 1161 ὀρθὴ
1028 1106 1054 1160 ἡ
1085 1107 1169 1148 ὑπὸ
1200 1114 1287 1148 τῶν
1311 1107 1463 1147 ΒΔΓ·

139 1174 310 1216 δέδοται
342 1176 425 1230 ἄρα
455 1176 502 1217 τὸ
528 1178 609 1216 ΒΔ
618 1178 660 1217 Γ
682 1177 897 1230 τρίγωνον
927 1182 985 1232 τῷ
1017 1176 1138 1217 εἴδει·
1171 1177 1351 1217 δοθεῖσα
1376 1176 1456 1228 ἄρα

139 1243 256 1287 ἐστὶν
285 1244 311 1298 ἡ
342 1245 427 1286 ὑπὸ
458 1253 544 1287 τῶν
569 1247 693 1286 ΒΓΔ
723 1247 871 1298 γωνία.
921 1247 1010 1287 ἔστι
1041 1242 1089 1286 δὲ
1118 1243 1189 1286 καὶ
1213 1244 1239 1298 ἡ
1264 1245 1347 1286 ὑπὸ
1372 1252 1455 1287 τῶν

138 1317 270 1355 ΒΑΓ
299 1315 498 1356 δοθεῖσα·
542 1314 613 1355 καὶ
644 1315 771 1368 λοιπὴ
804 1315 887 1369 ἄρα
917 1315 942 1368 ἡ
973 1314 1057 1356 ὑπὸ
1088 1322 1175 1356 τῶν
1205 1316 1341 1355 ΑΒΓ
1371 1313 1456 1356 ἐστι,

139 1384 338 1425 δοθεῖσα·
371 1383 543 1425 δέδοται
575 1385 658 1439 ἄρα
688 1385 736 1425 τὸ
768 1386 906 1425 ΑΒΓ
929 1386 1143 1439 τρίγωνον
1173 1390 1232 1439 τῷ
1264 1383 1379 1425 εἴδει.

225 1452 333 1494 ἀλλὰ
370 1454 423 1507 δὴ
461 1455 567 1495 ἔστω
611 1453 636 1506 ἡ
674 1453 758 1495 ὑπὸ
795 1460 883 1495 τῶν
920 1455 1051 1495 ΒΑΓ
1087 1455 1223 1506 γωνία
1267 1452 1456 1507 ἀμβλεῖα,

138 1521 209 1563 καὶ
240 1522 516 1576 ἐκβεβλήσθω
549 1523 574 1577 ἡ
602 1525 679 1564 ΓΑ
710 1521 778 1564 ἐπὶ
803 1524 850 1564 τὸ
877 1526 927 1576 Ε,
958 1522 1028 1564 καὶ
1058 1523 1181 1577 ἤχθω
1213 1522 1295 1563 ἀπὸ
1320 1527 1398 1563 τοῦ
1421 1523 1456 1563 Β

138 1594 315 1646 σημείου
354 1591 422 1634 ἐπὶ
458 1593 537 1646 τὴν
576 1595 664 1633 ΑΕ
703 1592 887 1641 καθετος
922 1591 947 1645 ἡ
987 1595 1079 1633 ΒΕ.
1153 1589 1242 1633 ἐπεὶ
1279 1589 1457 1632 δοθεῖσα

139 1660 256 1702 ἐστιν
286 1659 312 1714 ἡ
343 1660 427 1702 ὑπὸ
459 1667 546 1701 τῶν
578 1663 657 1701 BA
667 1662 713 1714 F,
749 1659 821 1701 καὶ
851 1660 877 1713 ἡ
909 1658 1060 1714 ἐφεξῆς
1089 1661 1172 1714 ἄρα
1203 1660 1228 1713 ἡ
1258 1660 1342 1701 ὑπὸ
1373 1666 1457 1700 τῶν

139 1732 272 1771 ΒΑΕ
306 1730 488 1772 δοθεῖσα
525 1730 653 1771 ἐστιν.
715 1731 803 1771 ἔστι
842 1728 889 1771 δὲ
924 1728 996 1771 καὶ
1033 1729 1058 1783 ἡ
1095 1729 1179 1771 ὑπὸ
1211 1736 1298 1770 τῶν
1330 1731 1457 1770 ΒΕΑ

138 1800 336 1841 δοθεῖσα·
385 1798 457 1841 καὶ
498 1801 625 1853 λοιπὴ
668 1800 750 1854 ἄρα
793 1800 819 1853 ἡ
860 1799 945 1840 ὑπὸ
982 1806 1069 1840 τῶν
1106 1802 1238 1840 ΕΒΑ
1280 1796 1458 1840 δοθεῖσα

141 1868 273 1910 ἐστιν·
307 1868 478 1910 δέδοται
509 1870 592 1924 ἄρα
623 1870 670 1910 τὸ
697 1872 822 1910 ΕΒΑ
852 1870 1067 1923 τρίγωνον
1098 1874 1156 1925 τῷ
1182 1869 1302 1909 εῖδει·
1335 1869 1458 1920 λόγος

233 2021 261 2052 1.
291 2017 388 2063 ἔχον]
416 2017 506 2063 ἔχων
531 2017 568 2052 Ρ.
677 2021 707 2051 2.
741 2015 797 2062 δέ]
824 2027 891 2050 om.
920 2028 951 2051 a.
1061 2020 1090 2050 6.
1124 2017 1219 2049 Ante
1245 2014 1293 2059 μή
1319 2014 1400 2049 add.
1427 2012 1458 2048 εἰ
1517 2013 1520 2058 ,³

139 2061 205 2106 μὲν
237 2061 303 2098 οὖν
335 2063 432 2107 ὀρθή
463 2063 559 2098 ἐστιν
589 2064 611 2108 ἡ
644 2063 735 2107 πρὸς
758 2066 807 2109 τῷ
832 2066 859 2096 Α
884 2060 1015 2106 γωνία,
1055 2060 1239 2097 δέδεικται
1269 2061 1309 2096 τὸ
1343 2060 1484 2104 ὄνομα,
1517 2059 1520 2134 i

140 2108 339 2153 δεδομένον
364 2113 413 2156 τῷ
439 2109 529 2144 εἴδει
554 2121 585 2144 a.
684 2113 714 2144 8.
742 2107 841 2188 ἐπείέ)
862 2119 929 2143 om.
951 2109 984 2143 b.
1083 2112 1135 2143 13.
1162 2106 1225 2143 καί
1250 2128 1294 2133 —-
1318 2110 1371 2142 14.
1398 2107 1459 2141 δο·
1475 2142 1488 2158 v.»
1516 2135 1520 2175 1

138 2154 235 2202 θείς]
262 2167 330 2190 om.
357 2156 390 2191 b,
473 2159 525 2190 14.
554 2159 659 2191 ΒΔΓ
678 2153 792 2201 γωνία
846 2183 851 2189 .
933 2158 985 2189 15.
1014 2155 1138 2199 ΒΔΓ]
1165 2156 1278 2188 ΔΒΓ
1297 2153 1330 2187 b.
1404 2155 1493 2200 164⁵*
1516 2177 1520 2204 Ι

1485 2189 1490 2196 ‹

139 2201 202 2236 καί
222 2223 265 2227 -
286 2206 338 2237 17.
366 2203 536 2248 δοθεῖσα]
563 2214 631 2237 om.
659 2214 691 2246 v,
717 2202 780 2237 καὶ
804 2201 911 2246 λοιπὴ
937 2201 1008 2245 ἄρα
1034 2201 1056 2245 ἡ
1082 2201 1152 2235 ὑπὸ
1177 2206 1250 2235 τῶν
1275 2203 1374 2234 ΑΒΔ
1399 2199 1520 2254 δο--ξί

139 2247 249 2282 θεῖσα
275 2248 347 2282 ἐστι
372 2261 443 2293 mg.
470 2261 516 2284 m.
544 2252 574 2283 2.
672 2252 725 2283 18.
752 2248 814 2283 καὶ
839 2247 879 2282 τό
904 2247 1000 2291 vat„
1027 2247 1096 2282 del.
1123 2244 1186 2281 καί
1210 2258 1255 2280 m.
1278 2249 1308 2281 2.
1405 2247 1494 2286 111>-m

140 2294 229 2329 ἀλλὰ
255 2294 300 2339 δὴ
329 2294 429 2340 ἔστω]
456 2294 532 2329 ἀλλ’
559 2294 644 2329 ἔστω
668 2295 703 2329 b.
781 2294 868 2339 τῶν]
895 2304 963 2328 om.
991 2305 1022 2328 V.
1102 2297 1156 2328 22.
1182 2291 1326 2337 7‘1(alt.)]
1352 2279 1488 2349 SUPfflg

1470 2355 1518 2386 1⁵22*
