1520 2508
1439 0 1484 26 W

134 74 189 116 98
661 76 927 110 AEAOMENA.
1471 46 1474 48 ’
1503 0 1520 114 ἲ

134 169 182 210 αἱ
211 171 303 222 ΓΔ,
328 172 424 222 ΕΖ,
449 171 500 209 H
526 168 758 221 ἀνάλογον·
801 167 872 209 καὶ
902 174 977 222 τῆς
1009 170 1086 210 ΓΔ
1123 170 1206 224 ἄρα
1239 170 1354 227 πρὸς
1373 172 1452 225 τὴν
1512 117 1520 225 Ἰ

133 241 217 279 ΕΖ
249 239 376 291 λόγος
407 236 495 278 ἐστὶ
526 238 686 286 δοθείς.
738 239 813 278 καί
841 236 957 279 ἐστιν
988 238 1140 292 ὅμοιον
1170 239 1217 279 τὸ
1243 242 1285 280 A
1314 245 1372 295 τῷ
1398 242 1451 280 Β·
1514 257 1515 263 ’

134 306 206 348 καὶ
243 308 291 348 αἱ
325 305 471 348 λοιπαὶ
508 308 592 362 ἄρα
627 305 809 361 πλευραὶ
843 307 951 361 πρὸς
981 307 1056 356 τὰς
1086 307 1237 356 λοιπὰς
1268 308 1453 362 πλευρὰς
1515 325 1520 350 κ

135 377 266 429 λόγον
298 374 442 425 ἕξουσι
473 374 719 429 δεδομένον.
1516 413 1520 426 ,

89 451 109 481 5
222 445 279 498 μὴ
312 446 418 486 ἔστω
450 444 503 498 δὴ
535 444 687 498 ὅμοιον
716 445 764 485 τὸ
795 448 837 485 A
867 449 925 500 τῷ
952 447 1002 497 Β,
1032 443 1105 485 καὶ
1135 443 1452 500 ἀναγεγράφθω
1517 466 1520 490 ι

136 512 219 554 ἀπὸ
244 518 320 567 τῆς
343 516 425 554 ΕΖ
450 519 509 569 τῷ
535 516 577 554 Α
608 513 759 566 ὅμοιον
782 511 853 554 καὶ
879 513 1037 567 ὁμοίως
1060 515 1258 567 κείμενον
1281 515 1328 555 τὸ
1353 516 1453 555 ΕΘ·
1518 503 1520 536 Ῐ

136 581 309 623 δέδοται
342 583 424 638 ἄρα
454 580 526 623 καὶ
550 583 598 623 τὸ
618 585 703 623 ΕΘ
732 588 791 638 τῷ
817 583 938 624 εἴδει·
971 581 1143 623 δέδοται
1169 580 1217 624 δὲ
1239 581 1310 623 καὶ
1334 583 1381 624 τὸ
1400 585 1454 624 Β·
1518 601 1520 611 2

136 653 264 704 λόγος
294 652 378 706 ἄρα
408 657 486 692 τοῦ
511 654 548 692 Β
578 652 687 706 πρὸς
716 651 764 692 τὸ
789 654 874 692 ΕΘ
905 652 1072 700 δοθείς·
1104 656 1181 692 τοῦ
1212 649 1259 692 δὲ
1284 654 1320 692 Β
1349 652 1455 707 πρὸς

136 722 184 763 τὸ
216 725 258 762 Α
288 722 415 773 λόγος
446 719 535 762 ἐστὶ
567 721 734 769 δοθείς·
764 719 835 761 καὶ
865 725 943 761 τοῦ
975 724 1016 761 A
1047 721 1130 775 ἄρα
1160 721 1268 775 πρὸς
1297 718 1456 761 τὸἘΘ

70 796 114 826 10
139 792 267 843 λόγος
305 788 393 830 ἐστὶ
430 789 590 837 δοθείς.
655 787 726 830 καὶ
758 789 908 843 ὅμοιον
944 790 991 830 τὸ
1023 793 1064 829 Α
1100 795 1159 845 τῷ
1190 791 1290 829 ΕΘ·
1333 790 1457 841 λόγος

136 860 220 913 ἄρα
255 864 331 912 τῆς
362 860 441 899 ΓΔ
476 858 584 913 πρὸς
619 859 699 911 τὴν
730 861 812 899 ΕΖ
849 858 1008 906 δοθείς.
1069 858 1141 898 διὰ
1177 858 1229 898 τὰ
1260 857 1368 898 αὐτὰ
1403 858 1455 912 δὴ

135 927 207 969 καὶ
250 935 337 969 τῶν
377 931 540 968 λοιπῶν
583 930 783 982 πλευρῶν
823 927 931 982 πρὸς
966 927 1042 976 τὰς
1079 927 1230 975 λοιπὰς
1271 926 1457 982 πλευρὰς

138 998 264 1049 λόγος
296 994 385 1037 ἐστὶ
415 996 575 1044 δοθείς.

765 1137 812 1162 νε
832 1154 840 1163 .

64 1209 111 1239 15
223 1202 322 1244 Ἐὰν
353 1204 513 1258 χωρίον
543 1208 602 1258 τῷ
634 1203 738 1243 εἴδει
768 1200 840 1243 καὶ
871 1208 929 1258 τῷ
955 1200 1127 1256 μεγέθει
1159 1201 1391 1255 δεδομένον
1420 1197 1459 1257 ᾖ,

138 1271 209 1314 καὶ
241 1273 289 1313 αἱ
314 1270 498 1327 πλευραὶ
529 1271 664 1312 αὐτοῦ
695 1269 958 1327 ’τῷ-μεγέθει
989 1269 1215 1324 δεδομέναι
1247 1272 1427 1311 ἔσονται.

215 1343 332 1382 ,ἔστω
369 1341 530 1395 χωρίον
573 1347 632 1396 τῷ
669 1340 774 1381 εἴδει
815 1338 886 1381 καὶ
922 1345 981 1396 τςό
1019 1338 1192 1394 μεγέθει
1229 1338 1460 1393 δεδομένον

138 1411 186 1451 τὸ
218 1414 277 1451 Α·
314 1408 438 1462 λέγω,
469 1409 535 1450 ὅτι
565 1407 638 1450 καὶ
669 1409 717 1450 αἰ
744 1406 925 1463 πλευραὶ
957 1408 1091 1449 αὐτοῦ
1123 1407 1349 1462 δεδομέναι
1379 1405 1461 1449 εἰσὶ

139 1484 198 1534 τῷ
231 1477 420 1532 μεγέθει.

72 1554 117 1585 20
230 1546 438 1588 ἐκκείσθω
478 1547 560 1601 γὰρ
598 1552 649 1600 τῇ
686 1544 807 1586 θέσει
843 1544 915 1586 καὶ
951 1551 1009 1601 τῷ
1041 1544 1214 1599 μεγέθει
1256 1543 1462 1599 δεδομένη

140 1616 291 1657 εὐθεῖα
321 1615 348 1669 ἡ
379 1617 478 1669 ΒΓ,
523 1613 594 1656 καὶ
635 1613 955 1670 ἀναγεγράφθω
994 1613 1076 1655 ἀπὸ
1113 1620 1188 1668 τῆς
1218 1616 1305 1655 ΒΓ
1333 1620 1391 1670 τῷ
1421 1617 1462 1655 A

141 1685 293 1739 ὅμοιόν
317 1699 362 1725 τε
391 1682 463 1725 καὶ
488 1684 647 1738 ὁμοίως
673 1685 869 1737 κείμενον
899 1683 947 1724 τὸ
974 1686 1028 1734 A.
1077 1681 1248 1724 δέδοται
1272 1683 1325 1736 δὴ
1351 1683 1398 1724 τὸ
1419 1685 1462 1723 Δ

141 1760 200 1810 τῷ
233 1754 350 1795 εἴδει.
399 1751 471 1794 καὶ
503 1751 593 1794 ἐπεὶ
624 1751 707 1794 ἀπὸ
739 1750 971 1806 δεδομένης
995 1752 1170 1800 εὐθείας
1198 1757 1273 1805 τῆς
1297 1753 1384 1792 ΒΓ
1406 1756 1462 1806 tq?

141 1821 315 1876 μεγέθει
346 1820 581 1876 δεδομένον
618 1818 733 1870 εἶδος
764 1819 1081 1876 ἀναγέγραπται
1118 1821 1166 1862 τὸ
1198 1825 1258 1874 A,
1295 1818 1464 1861 δέδοται

71 1898 115 1929 25
141 1892 225 1946 ἄρα
267 1889 339 1932 καὶ
380 1891 428 1932 τὸ
471 1895 514 1932 A
557 1897 616 1947 τῷ
659 1889 849 1945 μεγέθει·
905 1888 1077 1931 δέδοται
1119 1887 1166 1930 δὲ
1207 1888 1279 1930 καὶ
1321 1890 1368 1930 τὸ
1405 1891 1463 1929 A·

236 2064 267 2095 3.
296 2059 359 2096 καί
384 2081 427 2086 -
454 2064 484 2096 5.
512 2062 555 2106 Β]
580 2060 637 2094 bis
663 2060 759 2104 Vah„
786 2070 873 2095 corr.
894 2071 940 2094 m.
955 2063 986 2093 2.
1084 2062 1114 2093 3.
1142 2058 1196 2104 αἱ]
1222 2069 1290 2093 om.
1315 2057 1350 2092 b.
1432 2060 1462 2091 6.

143 2108 216 2142 ΕΘ
259 2109 330 2142 ΒΘ
354 2107 389 2142 b.
481 2111 510 2142 8.
537 2112 602 2142 τοῦ
622 2108 702 2151 (pr.)
742 2105 806 2141 καὶ
823 2111 887 2140 τοῦ
912 2105 947 2140 b.
1035 2108 1062 2139 Β
1077 2103 1184 2150 (alt.)]
1211 2106 1278 2139 ΕΒ
1303 2103 1337 2138 b.
1433 2105 1462 2137 9.

143 2152 215 2196 ἄρα
257 2163 328 2187 om.
354 2152 388 2188 b.
493 2155 545 2188 10.
574 2152 668 2187 ἐστιν
716 2164 822 2196 μοιον
846 2151 880 2186 b.
983 2151 1047 2197 τῷ]
1072 2156 1136 2185 τοῦ
1160 2150 1195 2185 b.
1299 2153 1352 2184 13.
1385 2149 1463 2192 Seq-

143 2198 342 2234 demonsssr.
369 2198 502 2243 altera,
528 2210 561 2233 u.
589 2209 670 2242 app.
763 2201 817 2232 17.
843 2197 905 2232 καὶ
929 2199 979 2243 τῷ
1005 2195 1169 2242 μεγέθει]
1196 2207 1264 2230 om.
1291 2195 1326 2230 b.
1412 2197 1464 2229 18.

143 2245 273 2290 αὑτοῦ]
301 2249 362 2279 -οῦ
388 2255 477 2280 corr.
504 2255 548 2279 ex
572 2250 639 2279 -ῶν
664 2256 710 2279 m.
737 2247 757 2278 2
782 2243 865 2278 Vat.
958 2241 1048 2278 εἰσίν
1073 2243 1112 2278 Ρ.
1197 2245 1251 2276 21.
1277 2241 1342 2287 τῷ]
1366 2239 1407 2275 τό
1425 2239 1463 2275 P.
