1520 2508
112 894 155 924 10

110 1295 152 1324 15

1438 0 1520 54 ἴ,

181 108 266 149 286
733 112 948 146 SCHOLIA.
1482 102 1483 106 ’

181 202 317 244 αὐτοῦ
360 204 588 245 δεδόσθαι·
636 210 769 246 πᾶσαι
811 205 893 261 γάρ
933 207 1044 247 εἰσιν
1085 206 1238 262 ὀρθαί·
1285 206 1377 249 καὶν
1399 210 1499 260 τοὺς

181 273 338 324 λόγους
380 270 429 314 δὲ
464 279 552 315 τῶν
587 277 806 329 πλευρῶν·
848 281 982 316 πᾶσαι
1018 275 1100 330 γάρ
1137 277 1248 317 εἰσιν
1285 279 1389 317 ἴσαι·
1429 276 1499 321 καὶ

182 341 264 396 γὰρ
302 341 355 382 οὐ
386 348 474 383 τῶν
505 341 670 385 ἀνίσων
699 345 847 398 μόνων
878 342 966 386 ἐστὶ
997 346 1143 398 λόγος,
1180 344 1288 386 ἀλλὰ
1316 344 1387 387 καὶ
1415 353 1499 389 τῶν

182 413 300 452 ἴσων.
348 409 420 452 καὶ
452 410 542 453 ἐπεὶ
573 413 756 454 ἔκκειται
786 413 835 454 τὸ
866 413 1153 469 τετράγωνον·
1186 413 1499 470 ἀναγέγραπται

180 479 281 535 γάρ·
325 481 515 535 δύναμαι
551 481 668 538 αὐτῷ
707 486 804 523 ἴσον
839 484 1123 538 πορίσασθαι·
1165 482 1236 525 καὶ
1267 484 1340 524 διὰ
1376 489 1499 529 τοῦτο

181 548 354 591 δέδοται
389 549 462 591 καὶ
497 557 558 607 τῷ
595 550 767 605 μεγέθει
804 550 875 593 καὶ
907 552 1011 594 αὐτὸ
1049 553 1096 594 τὸ
1128 553 1396 608 τετράγωνον
1430 552 1499 597 καὶ

181 617 334 672 ἑκάστη
365 619 501 661 αὐτοῦ
531 621 708 676 πλευρά.
857 635 876 653 ⁸

668 735 737 778 Ad
767 751 884 791 prop.
915 736 1026 778 LIII.

270 811 365 852 102.
396 810 440 851 Ρ.
459 810 587 866 96,1]
608 811 818 866 δεδομένα
837 818 896 869 τῷ
917 813 1022 853 εἴδει
1041 811 1144 854 καθ’
1161 811 1291 854 ἑαυτὰ
1310 811 1496 856 ἕκαστον.

273 886 366 927 103.
415 888 499 939 Τῆς
530 883 578 927 δὲ
608 889 697 927 ΔΒ
726 902 766 941 p.
793 888 860 942 96,
887 887 932 941 8]
962 887 1184 929 ὑπόκειται
1221 887 1302 942 γὰρ
1335 886 1380 929 ἐν
1415 888 1503 948 on

181 954 316 1010 ὅροις·
355 954 565 1009 δεδομένα
596 955 677 1011 γάρ
710 955 798 997 ε’στι
829 962 887 1012 τῷ
921 957 1038 998 εἰ’.δει

670 1070 738 1112 Ad
766 1085 886 1126 prop.
916 1070 1023 1112 LIV.

271 1147 363 1187 104.
404 1145 602 1200 Ἐδείχθη
632 1147 715 1199 γὰρ
748 1146 795 1187 ἐν
825 1153 883 1197 τῷ
916 1149 1073 1203 σχολίῳ
1104 1152 1163 1203 τῷ
1196 1146 1242 1188 ἐν
1272 1154 1362 1196 τοῖς
1390 1146 1501 1202 πρώ-

179 1230 270 1264 τοις
301 1218 490 1270 σχολίοις
520 1221 598 1256 τοῦ
628 1218 726 1271 πρό,
758 1216 868 1257 ὅπου
899 1218 1076 1270 σημεῖόν
1107 1215 1195 1258 ἐστι
1220 1216 1318 1258 τόδε
1342 1219 1394 1269 P,
1425 1216 1503 1271 ὅτι,

180 1284 255 1326 ἐὰν
286 1283 330 1325 α’
361 1285 469 1339 πρὸς
498 1284 543 1338 β’
575 1286 708 1338 λόγον
743 1287 817 1341 ἔχῃ
852 1284 1104 1340 δεδομένον,
1140 1282 1168 1341 ᾗ
1200 1283 1248 1327 δε
1278 1283 1349 1326 καὶ
1379 1285 1426 1326 τὸ
1456 1282 1500 1338 γ’

180 1353 428 1408 δεδομένον,
454 1353 525 1395 καὶ
544 1353 717 1408 γένηται
737 1355 795 1404 ὡς
813 1356 861 1396 τὸ
882 1354 925 1396 α’
944 1356 1052 1410 πρὸς
1070 1356 1118 1396 τὸ
1138 1354 1196 1409 β’,
1228 1354 1365 1404 οὕτως
1388 1355 1435 1396 τὸ
1457 1352 1500 1408 γ’

179 1423 289 1478 πρὸς
320 1424 424 1464 ἄλλο
449 1439 490 1464 τι
522 1424 569 1465 τὸ
601 1423 659 1478 δ’,
702 1423 845 1466 οὐκέτι
881 1423 953 1466 καὶ
984 1423 1162 1474 ἐναλλὰξ
1200 1426 1330 1477 λόγον
1363 1423 1502 1473 ε’ξουσι

180 1490 428 1546 δεδομένον,
454 1493 604 1549 διόπερ
629 1492 701 1535 καὶ
727 1493 920 1536 ἐνταῦθα
945 1494 1023 1536 οὐκ
1042 1493 1088 1535 ἐκ
1106 1499 1184 1535 τοῦ
1204 1492 1383 1543 ἐναλλὰξ
1408 1489 1502 1548 εὗρε

178 1562 255 1603 τὸν
281 1563 413 1614 λόγον
438 1562 583 1604 αὐτῶν
608 1562 856 1617 δεδομένον,
882 1563 990 1605 ἀλλὰ
1015 1565 1167 1617 ἄλλως,
1193 1563 1251 1612 ὡς
1274 1569 1357 1604 νῦν
1381 1561 1501 1616 λέγει.

270 1643 363 1685 105.
399 1642 550 1685 ’Ἑστιν
591 1644 675 1699 ἄρα
717 1644 776 1693 ὡς
814 1645 840 1698 ἡ
873 1647 952 1686 ΓΔ
986 1660 1027 1699 p.
1059 1645 1134 1699 96,
1170 1643 1244 1698 24]
1283 1643 1358 1685 ε’ὰν
1392 1649 1503 1699 τρεῖς

178 1712 347 1754 εὐθεῖαι
372 1711 589 1765 ἀνάλογον
614 1710 735 1766 ὦσιν,
766 1713 824 1762 ὡς
848 1712 874 1766 ἡ
900 1712 943 1754 α’
969 1714 1076 1768 πρὸς
1101 1714 1180 1767 τὴν
1205 1712 1263 1767 γ’,
1295 1712 1431 1762 οὕτως
1452 1711 1500 1754 τὸ

178 1782 262 1824 ἀπὸ
299 1788 374 1836 τῆς
410 1783 581 1838 πρώτης
617 1780 731 1832 εἶδος
765 1784 874 1837 πρὸς
910 1784 957 1824 τὸ
995 1782 1077 1824 ἀπὸ
1109 1788 1183 1836 τῆς
1215 1781 1418 1838 δευτέρας
1451 1781 1499 1826 τὸ,

179 1852 330 1906 ὅμοιον
359 1850 432 1893 καὶ
463 1852 622 1906 ὁμοίως
652 1851 1043 1908 ἀναγεγραμμένον.

274 1958 350 1989 102.
372 1957 449 1989 103.
469 1953 610 1988 PlVat.
619 1954 716 1989 Mon.
727 1954 760 1989 S.
836 1957 912 1989 104.
932 1954 1246 1996 PlVat.vMon.p.
1315 1956 1392 1988 105.
1412 1951 1498 1988 Plv'.
1519 1971 1520 2011 ζ

274 2050 303 2081 1
330 2046 427 2080 Ante
452 2045 516 2081 και
541 2046 624 2081 add.
653 2045 832 2081 δεδόσθαι
857 2044 899 2081 δέ
923 2046 1046 2081 Ambr.
1144 2049 1175 2080 2.
1202 2043 1264 2091 δέ]
1291 2056 1359 2080 om.
1378 2029 1520 2090 Ambr.*

225 2096 256 2127 3.
289 2092 428 2150 μόνων]
459 2092 574 2137 μόνον
598 2093 683 2127 Vat.
704 2094 847 2151 (comp.)
869 2093 991 2127 Ambr.
1002 2106 1031 2136 ρ,
1153 2092 1172 2127 ὁ
1197 2091 1302 2136 λόγος
1337 2091 1498 2135 νΜοιι.ρ,

225 2143 279 2174 13.
312 2138 397 2183 γάρ]
430 2150 498 2174 om
525 2139 610 2174 Vat.
619 2153 649 2182 ρ.
769 2138 838 2184 γάρ
865 2159 908 2165 -
934 2142 988 2173 14.
1023 2139 1069 2184 Ρ]
1102 2149 1171 2174 om.
1198 2150 1230 2172 v.
1352 2141 1404 2172 14.
1434 2139 1497 2173 τοῦ

177 2203 263 2249 πρό]
288 2216 330 2247 τη
334 2217 351 2242 ς
378 2190 410 2239 ffi
437 2201 698 2262 (ὑποθέσεωςῖ)
724 2202 747 2237 l.
827 2205 880 2237 15.
908 2200 1109 2246 δεδομένον
1136 2201 1197 2248 ἔχῃ
1223 2201 1307 2235 Vat.
1317 2214 1347 2245 ρ.
1420 2198 1496 2246 ἔχῃ]

179 2249 251 2296 ἔχει
270 2249 366 2284 Mon.
454 2245 508 2307 ᾖ]
514 2249 560 2293 ἤν
581 2247 1055 2341 Vat.9.17.uat]]n969
1073 2262 1103 2292 ρ.
1177 2238 1301 2293 ἧόγον]
1322 2258 1390 2281 om.
1403 2246 1499 2280 Mon.

225 2300 278 2331 19.
299 2296 405 2342 ἀλλά]
431 2294 508 2330 ἀλλ’
537 2295 587 2331 Ισ.
685 2299 739 2330 22.
765 2294 938 2339 δευτέρας
979 2294 1057 2341 ἴσης
1083 2296 1226 2340 (comp.)
1246 2294 1285 2338 P,
1317 2293 1354 2339 β’
1382 2304 1410 2327 σ.
