1520 2508
123 98 209 140 328
496 101 735 136 APPENDIX
760 101 1078 137 scnomomm.

391 222 458 265 Ad
487 238 606 279 prop.
637 223 797 267 LXVII
828 225 1055 267 demonstr.
1087 228 1182 267 teriz.
1488 278 1490 280 q

212 310 277 351 20.
322 312 413 351 Καί
447 310 537 352 ε’στι
574 317 651 352 τοῦ
688 310 756 361 δὶς
790 311 875 354 ὑπὸ
918 320 1004 355 τῶν
1036 314 1167 354 ΒΑΓ
1200 328 1238 367 Ρ.
1265 313 1363 368 208,
1398 312 1444 368 7]

125 379 198 419 διὰ
234 379 316 433 γὰρ
349 380 396 421 τὸ
428 379 492 430 ξς’
524 381 571 422 τὸ
602 380 687 422 ὑπὸ
723 388 811 423 τῶν
842 384 973 423 ΒΑΓ
1000 383 1108 437 πρὸς
1143 383 1191 424 τὸ
1228 384 1446 438 τρίγωνον
1493 386 1499 387 ’

124 450 257 501 λόγον
287 451 372 502 ἔχει
404 448 673 504 δεδομένον·’
693 451 801 492 ὥστε
830 450 901 492 καὶ
932 452 979 493 τὸ
1012 452 1090 501 δίς.

78 537 99 568 5
213 530 280 571 21.
319 529 380 570 Τὰ
398 530 482 584 ἄρα
502 529 584 572 ἀπὸ
604 537 691 571 τῶν
710 533 841 572 ΒΑΓ
857 547 895 586 Ρ.
911 532 1008 586 208,
1032 532 1216 587 11-12]
1244 533 1291 576 ἐν
1316 539 1374 591 τῷ
1399 532 1447 587 β’

124 605 213 640 τῶν
244 601 468 653 στοιχείων
500 599 674 654 ἐδείχθη
706 606 765 657 τῷ
797 599 858 654 ιγ’
889 603 1150 657 θεωρήματι.

213 680 278 721 22.
330 680 390 721 Τὰ
421 681 504 736 ἄρα
535 680 618 722 ἀπὸ
650 688 737 723 τῶν
767 684 898 724 ΒΑΓ
927 698 966 737 p.
993 683 1089 738 208,
1123 683 1194 738 14]
1234 683 1280 725 ἐν
1311 690 1370 740 τῷ
1401 683 1448 738 β’
1498 699 1507 727 ·’,

124 756 213 792 τῶν
244 752 469 804 στοιχείων
500 749 675 805 ἐδείχθη
707 750 754 793 ἐν
784 758 842 808 τῷ
875 751 918 793 δ’
950 754 1209 808 θεωρήματι.

213 832 280 874 23.
331 830 534 874 Τουτέστι
563 837 622 888 τῷ
655 830 723 881 δὶς
752 832 837 874 ὑπὸ
869 833 1199 890 συναμφοτέρου
1225 841 1299 889 τῆς
1325 837 1448 876 ΓΑΛ
1502 849 1520 886 ‚³2

881 1032 1449 1070 —m—2'

57 1258 101 1289 15
126 1256 202 1305 τῆς
249 1252 311 1304 βα
364 1248 436 1292 καὶ
490 1249 671 1293 ἑκάστου
720 1258 805 1294 τῶν

56 908 102 940 10
125 916 166 956 Ρ.
186 902 284 956 208,
307 901 495 956 17—18]
522 901 597 943 ἐὰν
622 903 704 958 γὰρ
730 903 928 958 λάβωμεν
952 905 1031 958 τὴν
1055 906 1116 958 βα
1140 906 1244 959 μίαν
1269 905 1450 946 εὐθεῖαν

127 1320 358 1375 τμημάτων
389 1327 477 1362 τῶν
507 1321 589 1375 δα,
613 1336 673 1375 ay
710 1325 806 1363 ἴσον
1434 1106 1520 1340 Ξ

127 971 185 1020 ὡς
233 971 441 1026 ἄτμητον,
490 971 569 1025 τὴν
617 969 665 1013 δε
711 972 804 1025 δαγ

125 1043 230 1095 μίαν
262 1038 340 1096 μὲν
371 1039 443 1082 καὶ
474 1041 623 1096 αὐτήν,
655 1057 804 1096 τετμη-

126 1110 262 1165 μένην
293 1107 341 1152 δὲ
365 1111 473 1152 κατὰ
497 1111 545 1152 τὸ
571 1127 610 1166 α,
640 1113 804 1164 γίνεται
882 1073 886 1229 ἔ

126 1396 187 1447 τῷ
218 1389 303 1432 ὑπὸ
334 1389 666 1446 συναμφοτέρου
696 1397 771 1445 τῆς
802 1392 895 1445 δαγ
925 1389 996 1432 καὶ
1027 1398 1101 1446 τῆς
1131 1394 1191 1446 αβ
1222 1393 1294 1434 δια
1324 1393 1372 1434 τὸ
1404 1389 1451 1434 α’
1511 1386 1520 1459 ἑ

127 1465 206 1502 τοῦ
238 1458 444 1515 δευτέρου
475 1462 649 1514 βιβλίου
679 1467 766 1502 τῶν
797 1463 1037 1515 στοιχείων·
1069 1462 1176 1504 ὥστε
1206 1461 1278 1503 καὶ
1308 1463 1356 1504 τὸ
1383 1460 1452 1512 δὶς
1510 1481 1520 1537 3

127 1529 213 1572 ὑπὸ
245 1536 332 1571 τῶν
362 1531 444 1583 βα,
469 1530 529 1571 αδ
565 1530 670 1584 μετὰ
706 1535 784 1572 τοῦ
821 1529 888 1579 δὶς
917 1530 1002 1572 ὑπὸ
1033 1538 1120 1573 τῶν
1150 1534 1230 1586 βα,
1256 1547 1316 1585 ay
1354 1535 1452 1574 ἴσον
1507 1545 1520 1642 Ξ

1251 1032 1274 1053 α

1265 1078 1267 1128 Ι

73 1204 77 1207 »
126 1181 175 1222 τὸ
234 1179 320 1222 ὑπό
375 1195 419 1222 τε
476 1186 551 1235 τῆς
616 1180 804 1236 ἀτμήτου
883 1209 886 1257 *r
1264 1158 1268 1279 ἱ

57 1607 105 1639 20
130 1597 219 1641 ἐστὶ
250 1605 309 1656 τῷ
340 1597 408 1647 δὶς
438 1598 522 1640 ὑπὸ
551 1598 884 1655 συναμφοτέρου
914 1606 989 1654 τῆς
1019 1602 1113 1653 γαδ
1143 1599 1213 1643 καὶ
1243 1607 1318 1656 τῆς
1348 1603 1420 1655 αβ.

217 1681 286 1723 24.
333 1678 420 1721 Καὶ
463 1685 540 1722 τοῦ
579 1680 664 1722 ὑπὸ
707 1680 1039 1737 συναμφοτέρου
1082 1682 1165 1737 ἄρα
1206 1688 1282 1735 τῆς
1321 1686 1407 1724 AA
1415 1684 1459 1724 Γ
1513 1675 1520 1720 ,³

129 1766 168 1806 Ρ.
189 1751 286 1804 208,
305 1750 380 1805 26]
407 1749 483 1792 ἐὰν
508 1751 589 1805 γὰρ
620 1751 865 1805 ποιήσωμεν
891 1750 956 1793 ἐπ’
978 1752 1152 1801 εὐθείας
1180 1753 1260 1806 τὴν
1283 1757 1369 1794 ΔΛ
1399 1758 1452 1808 τῇ
1511 1755 1520 1811 ³3

130 1822 223 1862 ΑΓ
247 1820 304 1869 ὡς
335 1821 414 1874 τὴν
438 1822 574 1862 ΔΑΓ
597 1819 668 1861 καὶ
699 1821 771 1862 διὰ
802 1826 880 1862 τοῦ
910 1826 952 1863 A
982 1827 1033 1876 τῇ
1056 1823 1149 1863 ΔΓ
1171 1823 1279 1878 πρὸς
1309 1821 1452 1877 ὀρθὴν
1506 1822 1520 1895 3⁵

132 1890 439 1944 ἀναστήσωμεν
470 1890 548 1944 τὴν
573 1892 673 1943 ΑΒ,
704 1890 869 1945 δηλαδὴ
902 1895 996 1944 ἴσης
1026 1892 1239 1946 μενούσης
1268 1898 1342 1946 τῆς
1372 1890 1453 1947 μὲν
1505 1898 1520 1954 J}

1508 1957 1520 1979 ‘t'

226 2031 279 2062 20.
306 2026 447 2061 PlVat.
457 2027 489 2062 S.
565 2031 619 2062 21.
645 2027 704 2062 Pl.
778 2032 831 2063 22.
857 2028 895 2063 P.
969 2032 1024 2063 23.
1049 2028 1138 2063 Post
1161 2028 1232 2064 ὑπὸ
1257 2035 1328 2064 τῶν
1350 2032 1458 2064 ΒΑΓ

131 2086 166 2119 Ρ.
187 2077 266 2118 208,
289 2077 330 2108 17
355 2073 473 2108 textui
493 2073 750 2118 interpositum
776 2086 803 2110 z.
878 2078 931 2110 24.
958 2075 1098 2111 PlVat
1107 2075 1227 2110 vMon.
1237 2087 1283 2119 σρ
1291 2078 1318 2110 λ.
1354 2075 1452 2110 idem
1514 2079 1520 2119 ᾗ

133 2119 313 2156 scholium
326 2119 440 2154 etiam
456 2121 503 2155 ad
522 2133 556 2165 p.
572 2123 649 2165 208,
665 2124 685 2155 5
703 2121 744 2156 τὸ
764 2121 835 2165 ἄρα
855 2121 929 2156 ἀπὸ
949 2119 1225 2166 συναμφοτέρου
1243 2122 1383 2157 habent
1401 2122 1452 2166 12,
1511 2123 1520 2134 ²

132 2166 197 2202 ubi
223 2165 291 2212 γάρ
318 2166 353 2211 (l.
375 2170 432 2212 22)
458 2178 526 2203 om.
554 2170 581 2203 λ.
1507 2166 1520 2216 Ξ

227 2299 258 2331 3
286 2294 370 2342 γάρ]
395 2295 436 2331 τὸ
463 2294 530 2341 γάρ
557 2296 590 2331 S.
686 2295 726 2330 τό
746 2297 841 2342 (pr.)]
866 2302 930 2332 τοῦ
955 2296 978 2332 ].
1075 2300 1128 2332 22.
1155 2295 1240 2343 γάρ]
1266 2308 1334 2333 om.
1350 2296 1410 2333 ,1λ.
1500 2291 1520 2346 ξ

1503 2462 1520 2508 „1
