1520 2508
93 916 137 947 10

84 1207 88 1210 ,
164 1179 461 1234 ἐπιζευχθεῖσα
491 1179 517 1233 ἡ
549 1184 634 1222 ΑΔ
664 1181 833 1234 διήχθω
871 1179 940 1222 ἐπὶ
970 1181 1018 1222 τὸ
1049 1183 1105 1234 Ε,
1141 1179 1213 1222 καὶ
1244 1180 1484 1234 ἐπεζεύχθω

59 1245 137 1291 '15

95 1605 140 1637 20

162 121 244 162 172
684 123 950 157 ΔΕΔΟΜΕΝΑ.

157 214 288 256 θεῖσά
325 214 458 255 ἐστιν·
502 220 577 268 τῆς
615 215 696 270 γὰρ
730 217 809 256 ΓΒ
845 216 954 271 πρὸς
991 217 1071 270 τὴν
1107 219 1188 258 ΒΔ
1225 218 1352 270 λόγος
1371 216 1459 260 ’ἐστ

160 284 328 337 δοθεις,
369 282 441 324 καὶ
477 283 650 325 δέδοται
685 283 711 337 ἡ
748 287 846 326 ΒΔ·
888 287 964 326 καί
998 285 1088 327 ἐστι
1122 283 1258 327 δοθὲν
1293 287 1341 327 τὸ
1379 288 1479 341 ΑΓ
1510 316 1520 342 5

159 351 231 393 καὶ
262 353 444 394 δοθεῖσα
474 352 500 406 ἡ
525 355 562 394 Β
594 355 748 406 γωνία·
780 354 961 395 δοθεῖσα
992 355 1075 410 ἄρα
1106 353 1195 396 ἐστὶ
1225 354 1297 396 καὶ
1321 354 1348 408 ἡ
1374 357 1480 397 AB*
1509 344 1520 415 L.

161 419 337 476 ἑκατέρα
367 422 450 477 ἄρα
480 428 568 462 τῶν
599 425 704 475 ΛΒ,
730 424 817 464 ΒΓ
842 423 1023 464 δοθεῖσα
1055 422 1183 464 ἐστιν.
1510 416 1520 440 a

785 548 865 599 κζ’.

217 627 315 671 Ἐὰν
340 630 401 678 εἰς
424 630 585 670 κύκλον
605 628 839 683 δεδομένον
863 635 923 686 τῷ
942 629 1115 683 μεγέθει
1140 630 1290 672 εὐθεῖα
1309 626 1520 691 γραμμὴξ-ἶ

162 697 276 752 ἀχθῇ
308 697 675 752 ἀπολαμβάνουσα
705 703 847 752 τμῆμα
878 699 1110 752 δεχόμενον
1140 700 1305 752 γωνίαν
1335 695 1479 740 δοθεῖ-
1510 691 1520 711 ³¹

162 777 257 820 σαν,
289 766 462 808 δέδοται
491 766 518 819 ἡ
550 766 734 820 ἀχθεῖσα
763 772 823 823 τῷ
854 766 1040 821 μεγέθει.

249 837 310 884 εἰς
348 836 431 891 γὰρ
468 836 630 877 κύκλον
667 835 902 890 δεδομένον
938 842 997 893 τῷ
1033 836 1208 890 μεγέθει
1244 837 1322 878 τὸν
1352 838 1502 880 ΑΒΓῑ,

161 904 330 958 διήχθω
361 903 387 956 ἡ
418 906 511 945 ΛΓ
541 903 906 958 ἀπολαμβάνουσα
942 910 1083 959 τμῆμα
1114 906 1161 946 τὸ
1194 907 1332 946 ΑΕΓ
1363 906 1502 959 δεχό-ζ

163 989 295 1028 μενον
326 975 492 1025 γωνίαν
522 973 751 1015 δοθεῖσαν·
792 973 921 1027 λέγω,
953 973 1018 1015 ὅτι
1048 973 1074 1027 ἡ
1105 976 1197 1015 ΑΓ
1222 973 1393 1015 δέδοται
1423 979 1503 1031 τῷ·

163 1042 349 1097 μεγέθει.

251 1112 448 1165 εἰλήφθω
486 1111 568 1166 γὰρ
606 1112 654 1153 τὸ
691 1110 872 1166 κέντρον
913 1117 990 1153 τοῦ
1027 1112 1189 1154 κύκλου
1224 1113 1272 1153 τὸ
1308 1116 1370 1165 Δ,
1412 1110 1484 1153 καὶ

162 1248 189 1302 ἡ
228 1251 324 1291 ΓΕ·
368 1250 550 1290 δοθεῖσα
592 1250 675 1305 ἄρα
713 1248 831 1290 ἐστὶν
872 1249 898 1302 ἡ
934 1249 1019 1290 ὑπὸ
1056 1256 1144 1290 τῶν
1180 1251 1326 1291 ΑΓΕ·
1367 1249 1509 1305 ,ὀρθὴη

165 1318 265 1374 γάρ·
297 1320 386 1360 ἔστι
418 1316 466 1360 δὲ
495 1317 567 1360 καὶ
597 1319 623 1373 ἡ
650 1318 735 1360 ὑπὸ
761 1320 898 1359 ΑΕΓ
921 1318 1120 1360 δοθεῖσα·
1151 1317 1223 1359 καὶ
1248 1319 1374 1372 λοιπὴ
1400 1319 1483 1373 ἄρα

165 1387 191 1440 ἡ
221 1387 306 1429 ὑπὸ
332 1394 420 1429 τῶν
440 1390 567 1429 ΓΑΕ
595 1387 777 1429 δοθεῖσα
802 1387 936 1429 ἐστιν·
969 1386 1140 1428 δέδοται
1171 1388 1254 1442 ἄρα
1283 1388 1332 1428 τὸ
1355 1389 1488 1428 ΑΓΕ
1512 1409 1520 1439 4

165 1459 381 1512 τρίγωνον
411 1463 470 1512 τῷ
501 1457 623 1498 εἴδει·
655 1458 782 1509 λόγος
813 1457 896 1510 ἄρα
927 1454 1015 1497 ἐστὶ
1046 1461 1121 1509 τῆς
1151 1459 1241 1496 ΛΕ
1266 1457 1375 1511 πρὸς
1404 1457 1484 1509 τὴν
1514 1443 1520 1519 Ξ

166 1529 209 1566 A
217 1527 260 1567 Γ
284 1526 444 1575 δοθείς.
505 1526 687 1566 δοθεῖσα
718 1523 766 1566 δὲ
796 1524 822 1578 ἡ
854 1528 941 1566 ΕΛ
970 1531 1029 1581 τῷ
1061 1523 1254 1578 μεγέθει,
1296 1523 1385 1566 ἐπεὶ
1415 1523 1487 1566 καὶ
1514 1519 1520 1562 ³:

165 1594 188 1636 ὁ
213 1595 370 1644 κύκλος
394 1594 568 1636 δέδοται
592 1599 652 1650 τῷ
677 1593 867 1647 μεγέθει·
899 1594 1080 1635 δοθεῖσα
1105 1594 1188 1647 ἄρα
1214 1592 1331 1635 ἐστὶν
1355 1593 1381 1646 ἡ
1401 1597 1443 1635 Α
1452 1595 1494 1635 Γ
1516 1604 1520 1649 ζ

164 1669 223 1720 τῷ
255 1663 440 1718 μεγέθει.

260 1792 290 1823 1.
322 1793 385 1832 τῆς
416 1808 460 1813 -
486 1791 517 1822 2.
550 1788 635 1833 ΒΔ]
672 1786 764 1820 mihi
801 1786 998 1820 admodum
1035 1788 1214 1830 suspecta.
1335 1790 1364 1820 1.
1402 1785 1486 1832 γάρ]

166 1845 235 1869 om.
261 1846 294 1869 v.
400 1838 430 1869 2.
462 1834 551 1867 Post
583 1836 652 1868 ΒΔ
682 1832 765 1867 add.
799 1830 946 1866 δέδοται
977 1831 1050 1875 ἄρα
1081 1833 1144 1867 καὶ
1173 1832 1196 1877 ἡ
1229 1835 1301 1866 ΒΓ
1325 1833 1484 1867 Ρῖἶαῖην

214 1884 245 1915 3.
277 1881 300 1925 ἡ
327 1881 370 1925 Β]
402 1880 425 1924 ἡ
450 1882 559 1920 ΑΒΓ
580 1879 664 1914 Vat.
695 1880 817 1922 (supra
843 1889 908 1912 scr.
933 1877 1006 1912 ὑπό
1031 1890 1076 1912 m.
1104 1881 1197 1923 2),η
1222 1878 1294 1913 ὑπὸ
1319 1881 1428 1912 ΑΒΓ
1452 1890 1484 1913 v.

212 1931 243 1961 4.
269 1927 356 1972 τῶν]
381 1931 444 1970 τῆς
467 1925 502 1960 b
576 1925 656 1968 Seq.
678 1925 777 1969 apud
795 1924 974 1958 Hardium
996 1926 1033 1958 et
1051 1923 1267 1968 Gregorium
1284 1924 1486 1968 propositio

164 1973 248 2017 issa,
287 1973 331 2007 de
363 1983 436 2016 qua
467 1970 544 2005 dixi
575 1971 677 2015 adp
715 1974 876 2014 168,11.
1003 1974 1033 2004 5.
1065 1970 1125 2012 κζ’
1170 1982 1221 2014 πη
1263 1970 1360 2014 Vah„
1386 1970 1485 2013 edd.;

165 2030 214 2057 πς
220 2019 292 2053 ¹b.
401 2022 432 2052 9.
458 2016 543 2063 γαρ]
569 2029 638 2052 om.
653 1983 699 2052 b.
790 1999 1022 2061 δεδομένον]
1054 2018 1116 2061 δεχ
1142 2028 1253 2060 μενον
1277 2016 1311 2051 b.
1407 2016 1486 2062 τόν]

166 2076 254 2100 corr.
282 2075 326 2099 ex
350 2070 421 2099 τῶν
452 2076 498 2098 m.
525 2067 545 2098 2
571 2075 610 2108 v,
647 2063 687 2097 τό
712 2063 746 2097 b.
862 2066 915 2097 10.
947 2063 1067 2097 ἀπολα
1069 2062 1176 2108 μβαν“
1208 2062 1243 2096 b.
1355 2063 1486 2108 ΑΕΓ]

165 2113 274 2145 ΑΒΓ
293 2111 328 2146 b.
403 2114 456 2144 11.
487 2092 650 2168 δέδοται]
676 2107 832 2144 δοθεῖσα
851 2108 924 2143 ἐστι
942 2108 976 2142 b.
1051 2112 1103 2142 13.
1131 2107 1199 2152 γάρ
1241 2119 1310 2143 om.
1324 2108 1358 2143 b.
1432 2112 1485 2143 15.

166 2158 322 2192 δοθεῖσα
348 2156 420 2201 ἄρα
447 2154 558 2214 ἐστίν]
588 2155 666 2190 ἐπεὶ
691 2150 847 2190 δοθεῖσα
873 2154 946 2189 ἐστι
970 2154 1004 2188 b.
1122 2160 1194 2190 τῶν
1235 2154 1302 2198 τήν
1326 2153 1367 2198 b,
1398 2154 1488 2188 item

164 2202 309 2238 lin.17.
395 2206 448 2237 16.
478 2201 547 2246 γάρ
573 2202 668 2237 ἐστιν
693 2202 777 2236 Vaiz.
785 2201 849 2235 vb.
933 2201 976 2245 τὴ
980 2214 1001 2235 ν
1025 2203 1137 2235 ΑΕΓ
1155 2200 1190 2235 b.
1273 2204 1326 2234 17.
1358 2200 1486 2245 ΑΓΕ]

167 2251 267 2284 ΓΑΕ
285 2249 319 2283 b.
395 2251 448 2283 18.
474 2254 544 2294 τῆς
571 2253 635 2282 τοῦ
655 2248 689 2282 b.
762 2247 852 2292 ΑΕ]
879 2249 945 2280 ΕΑ
964 2246 1047 2281 Vat.
1057 2258 1089 2280 v.
1175 2250 1228 2281 19.
1257 2247 1338 2291 EA]
1363 2248 1432 2280 ΑΕ
1450 2245 1484 2279 b.

213 2294 292 2329 ἐπεὶ
317 2293 401 2340 και]
428 2290 554 2338 ἐπειδὴ
579 2294 614 2329 b.
711 2297 765 2329 20
791 2291 955 2338 μεγέθει]
982 2292 1020 2327 in
1045 2292 1113 2327 hoc
1138 2292 1265 2327 vocab.
1292 2291 1428 2326 desinit
1451 2291 1485 2326 b.
