<?xml version="1.0" encoding="UTF-8"?>
<!DOCTYPE html PUBLIC "-//W3C//DTD XHTML 1.0 Transitional//EN"
    "http://www.w3.org/TR/xhtml1/DTD/xhtml1-transitional.dtd">
<html xmlns="http://www.w3.org/1999/xhtml" xml:lang="en" lang="en">
 <head>
  <title>
</title>
<meta http-equiv="Content-Type" content="text/html;charset=utf-8" />
  <meta name='ocr-system' content='tesseract 3.04.00' />
  <meta name='ocr-capabilities' content='ocr_page ocr_carea ocr_par ocr_line ocrx_word'/>
</head>
<body>
  <div class='ocr_page' id='page_1' title='image "./euclidisoperaomn06eucluoft_0314.png"; bbox 0 0 1520 2508; ppageno 0'>
   <div class='ocr_carea' id='block_1_1' title="bbox 91 834 135 864">
    <p class='ocr_par' dir='ltr' id='par_1_1' title="bbox 91 834 135 864">
     <span class='ocr_line' id='line_1_1' title="bbox 91 834 135 864; baseline 0 0"><span class='ocrx_word' id='word_1_1' title='bbox 91 834 135 864; x_wconf 86' lang='lat'><em>10</em></span> 
     </span>
    </p>
   </div>
   <div class='ocr_carea' id='block_1_2' title="bbox 99 1182 136 1212">
    <p class='ocr_par' dir='ltr' id='par_1_2' title="bbox 99 1182 136 1212">
     <span class='ocr_line' id='line_1_2' title="bbox 99 1182 136 1212; baseline 0 0"><span class='ocrx_word' id='word_1_2' title='bbox 99 1182 136 1212; x_wconf 74' lang='lat' dir='ltr'><em>t5</em></span> 
     </span>
    </p>
   </div>
   <div class='ocr_carea' id='block_1_3' title="bbox 92 1526 138 1557">
    <p class='ocr_par' dir='ltr' id='par_1_3' title="bbox 92 1526 138 1557">
     <span class='ocr_line' id='line_1_3' title="bbox 92 1526 138 1557; baseline 0 0"><span class='ocrx_word' id='word_1_3' title='bbox 92 1526 138 1557; x_wconf 82' lang='lat'><em>20</em></span> 
     </span>
    </p>
   </div>
   <div class='ocr_carea' id='block_1_4' title="bbox 94 1871 139 1902">
    <p class='ocr_par' dir='ltr' id='par_1_4' title="bbox 94 1871 139 1902">
     <span class='ocr_line' id='line_1_4' title="bbox 94 1871 139 1902; baseline 0 0"><span class='ocrx_word' id='word_1_4' title='bbox 94 1871 139 1902; x_wconf 80' lang='lat'><em>25</em></span> 
     </span>
    </p>
   </div>
   <div class='ocr_carea' id='block_1_5' title="bbox 152 102 1520 172">
    <p class='ocr_par' dir='ltr' id='par_1_5' title="bbox 152 102 1520 172">
     <span class='ocr_line' id='line_1_5' title="bbox 152 102 1520 172; baseline 0 -27"><span class='ocrx_word' id='word_1_5' title='bbox 152 111 241 152; x_wconf 47' lang='lat' dir='ltr'><em>v2428</em></span> <span class='ocrx_word' id='word_1_6' title='bbox 372 113 542 146; x_wconf 83' lang='lat' dir='ltr'><strong>MARINI</strong></span> <span class='ocrx_word' id='word_1_7' title='bbox 566 112 854 146; x_wconf 83' lang='lat' dir='ltr'>PHILOSOPHI</span> <span class='ocrx_word' id='word_1_8' title='bbox 879 112 1248 145; x_wconf 75' lang='lat' dir='ltr'>COMMENTARIUS</span> <span class='ocrx_word' id='word_1_9' title='bbox 1475 102 1478 109; x_wconf 92' lang='lat'>&#39;</span> <span class='ocrx_word' id='word_1_10' title='bbox 1514 118 1520 172; x_wconf 39' lang='grc' dir='ltr'><em>’ἢ</em></span> 
     </span>
    </p>
   </div>
   <div class='ocr_carea' id='block_1_6' title="bbox 1519 114 1520 121">
    <p class='ocr_par' dir='ltr' id='par_1_6' title="bbox 1459 0 1520 121">
     <span class='ocr_line' id='line_1_6' title="bbox 1519 114 1520 121; baseline 0 0"><span class='ocrx_word' id='word_1_11' title='bbox 1519 114 1520 121; x_wconf 11' lang='grc' dir='ltr'>ψ</span> 
     </span>
    </p>
   </div>
   <div class='ocr_carea' id='block_1_7' title="bbox 158 197 1520 259">
    <p class='ocr_par' dir='ltr' id='par_1_7' title="bbox 158 197 1520 262">
     <span class='ocr_line' id='line_1_7' title="bbox 158 197 1520 259; baseline 0.001 -13"><span class='ocrx_word' id='word_1_12' title='bbox 158 207 343 246; x_wconf 78' lang='grc' dir='ltr'><strong><em>ἄτακτον</em></strong></span> <span class='ocrx_word' id='word_1_13' title='bbox 385 211 473 246; x_wconf 86' lang='grc' dir='ltr'><em>τῶν</em></span> <span class='ocrx_word' id='word_1_14' title='bbox 515 203 617 246; x_wconf 88' lang='grc' dir='ltr'><em>καθ’</em></span> <span class='ocrx_word' id='word_1_15' title='bbox 658 204 763 246; x_wconf 87' lang='grc' dir='ltr'><em>αὑτὸ</em></span> <span class='ocrx_word' id='word_1_16' title='bbox 805 203 877 246; x_wconf 86' lang='grc' dir='ltr'><em>καὶ</em></span> <span class='ocrx_word' id='word_1_17' title='bbox 913 203 1006 246; x_wconf 86' lang='grc' dir='ltr'><em>κατ’</em></span> <span class='ocrx_word' id='word_1_18' title='bbox 1042 205 1159 246; x_wconf 80' lang='grc' dir='ltr'><em>ἰδίαν</em></span> <span class='ocrx_word' id='word_1_19' title='bbox 1195 206 1332 259; x_wconf 86' lang='grc' dir='ltr'><em>φύσιν</em></span> <span class='ocrx_word' id='word_1_20' title='bbox 1356 210 1478 249; x_wconf 52' lang='grc' dir='ltr'><em>’θεωω</em></span> <span class='ocrx_word' id='word_1_21' title='bbox 1515 197 1520 249; x_wconf 55' lang='lat'><em>¹³</em></span> 
     </span>
    </p>
   </div>
   <div class='ocr_carea' id='block_1_8' title="bbox 158 271 1520 2127">
    <p class='ocr_par' dir='ltr' id='par_1_8' title="bbox 158 271 1520 744">
     <span class='ocr_line' id='line_1_8' title="bbox 159 271 1520 339; baseline 0.002 -24"><span class='ocrx_word' id='word_1_22' title='bbox 159 273 385 329; x_wconf 87' lang='grc' dir='ltr'><em>ρουμένων</em></span> <span class='ocrx_word' id='word_1_23' title='bbox 410 273 540 327; x_wconf 82' lang='grc' dir='ltr'><em>ἐστίν,</em></span> <span class='ocrx_word' id='word_1_24' title='bbox 570 273 653 315; x_wconf 77' lang='grc' dir='ltr'><em>κᾶν</em></span> <span class='ocrx_word' id='word_1_25' title='bbox 682 272 760 327; x_wconf 89' lang='grc' dir='ltr'><em>ὑφ’</em></span> <span class='ocrx_word' id='word_1_26' title='bbox 789 273 911 328; x_wconf 83' lang='grc' dir='ltr'><em>ἡμῶν</em></span> <span class='ocrx_word' id='word_1_27' title='bbox 940 275 1064 328; x_wconf 84' lang='grc' dir='ltr'><em>μήπω</em></span> <span class='ocrx_word' id='word_1_28' title='bbox 1095 273 1480 329; x_wconf 78' lang='grc' dir='ltr'><em>καταλαμβάνηται.</em></span> <span class='ocrx_word' id='word_1_29' title='bbox 1515 271 1520 339; x_wconf 76' lang='grc' dir='ltr'>Ι</span> 
     </span>
     <span class='ocr_line' id='line_1_9' title="bbox 158 341 1520 405; baseline 0.002 -21"><span class='ocrx_word' id='word_1_30' title='bbox 158 343 296 384; x_wconf 80' lang='grc' dir='ltr'><em>πολλὰ</em></span> <span class='ocrx_word' id='word_1_31' title='bbox 320 349 430 396; x_wconf 86' lang='grc' dir='ltr'><em>γοῦν</em></span> <span class='ocrx_word' id='word_1_32' title='bbox 455 341 688 397; x_wconf 81' lang='grc' dir='ltr'><em>τεταγμένα</em></span> <span class='ocrx_word' id='word_1_33' title='bbox 714 343 843 397; x_wconf 90' lang='grc' dir='ltr'><em>φύσει</em></span> <span class='ocrx_word' id='word_1_34' title='bbox 867 343 1050 399; x_wconf 81' lang='grc' dir='ltr'><em>ὕστερον</em></span> <span class='ocrx_word' id='word_1_35' title='bbox 1072 341 1327 399; x_wconf 78' lang='grc' dir='ltr'><em>Ἀρχιμήδης</em></span> <span class='ocrx_word' id='word_1_36' title='bbox 1352 343 1489 395; x_wconf 57' lang='grc' dir='ltr'><em>ἔδειξε</em></span> <span class='ocrx_word' id='word_1_37' title='bbox 1517 370 1520 405; x_wconf 57' lang='lat' dir='ltr'>f</span> 
     </span>
     <span class='ocr_line' id='line_1_10' title="bbox 158 410 1520 471; baseline 0.001 -18"><span class='ocrx_word' id='word_1_38' title='bbox 158 419 249 460; x_wconf 77' lang='grc' dir='ltr'><em>τοῖς</em></span> <span class='ocrx_word' id='word_1_39' title='bbox 278 411 383 467; x_wconf 87' lang='grc' dir='ltr'><em>πρὶν</em></span> <span class='ocrx_word' id='word_1_40' title='bbox 414 412 466 453; x_wconf 90' lang='grc' dir='ltr'><em>οὐ</em></span> <span class='ocrx_word' id='word_1_41' title='bbox 497 410 793 467; x_wconf 75' lang='grc' dir='ltr'><em>θεωρηθέντα,</em></span> <span class='ocrx_word' id='word_1_42' title='bbox 825 411 890 453; x_wconf 84' lang='grc' dir='ltr'><em>ὅτι</em></span> <span class='ocrx_word' id='word_1_43' title='bbox 921 411 1125 454; x_wconf 87' lang='grc' dir='ltr'><em>τέτακται.</em></span> <span class='ocrx_word' id='word_1_44' title='bbox 1181 413 1401 468; x_wconf 76' lang='grc' dir='ltr'><em>γνώριμον</em></span> <span class='ocrx_word' id='word_1_45' title='bbox 1432 411 1480 456; x_wconf 67' lang='grc' dir='ltr'><em>δὲ</em></span> <span class='ocrx_word' id='word_1_46' title='bbox 1517 410 1520 471; x_wconf 69' lang='grc' dir='ltr'>ξ</span> 
     </span>
     <span class='ocr_line' id='line_1_11' title="bbox 159 479 1480 536; baseline 0.001 -14"><span class='ocrx_word' id='word_1_47' title='bbox 159 479 230 522; x_wconf 82' lang='grc' dir='ltr'><em>καὶ</em></span> <span class='ocrx_word' id='word_1_48' title='bbox 261 482 484 534; x_wconf 78' lang='grc' dir='ltr'><em>ἄγνωστον</em></span> <span class='ocrx_word' id='word_1_49' title='bbox 520 481 627 522; x_wconf 79' lang='grc' dir='ltr'><em>κατὰ</em></span> <span class='ocrx_word' id='word_1_50' title='bbox 657 480 737 534; x_wconf 70' lang='grc' dir='ltr'><em>τὴν</em></span> <span class='ocrx_word' id='word_1_51' title='bbox 767 481 875 536; x_wconf 89' lang='grc' dir='ltr'><em>πρὸς</em></span> <span class='ocrx_word' id='word_1_52' title='bbox 905 481 1014 535; x_wconf 84' lang='grc' dir='ltr'><em>ἡμᾶς</em></span> <span class='ocrx_word' id='word_1_53' title='bbox 1045 481 1273 536; x_wconf 84' lang='grc' dir='ltr'><em>ἀναφορὰν</em></span> <span class='ocrx_word' id='word_1_54' title='bbox 1304 481 1480 535; x_wconf 88' lang='grc' dir='ltr'><em>λέγεται.</em></span> 
     </span>
     <span class='ocr_line' id='line_1_12' title="bbox 159 539 1520 606; baseline 0.001 -15"><span class='ocrx_word' id='word_1_55' title='bbox 159 551 266 591; x_wconf 84' lang='grc' dir='ltr'><em>ὥστε</em></span> <span class='ocrx_word' id='word_1_56' title='bbox 297 548 499 605; x_wconf 85' lang='grc' dir='ltr'><em>διαφέροι</em></span> <span class='ocrx_word' id='word_1_57' title='bbox 530 549 584 591; x_wconf 78' lang='grc' dir='ltr'><em>ἂν</em></span> <span class='ocrx_word' id='word_1_58' title='bbox 615 550 667 591; x_wconf 82' lang='grc' dir='ltr'><em>τὰ</em></span> <span class='ocrx_word' id='word_1_59' title='bbox 698 548 900 605; x_wconf 86' lang='grc' dir='ltr'><em>εἰρημένα</em></span> <span class='ocrx_word' id='word_1_60' title='bbox 931 549 1143 604; x_wconf 85' lang='grc' dir='ltr'><em>ἀλλήλων,</em></span> <span class='ocrx_word' id='word_1_61' title='bbox 1177 554 1294 606; x_wconf 76' lang='grc' dir='ltr'><em>εἴπερ</em></span> <span class='ocrx_word' id='word_1_62' title='bbox 1326 551 1374 592; x_wconf 91' lang='grc' dir='ltr'><em>τὸ</em></span> <span class='ocrx_word' id='word_1_63' title='bbox 1405 539 1491 605; x_wconf 72' lang='grc' dir='ltr'><em>μὲν</em></span> <span class='ocrx_word' id='word_1_64' title='bbox 1519 555 1520 587; x_wconf 74' lang='grc' dir='ltr'>ἶ</span> 
     </span>
     <span class='ocr_line' id='line_1_13' title="bbox 158 607 1520 675; baseline 0.001 -15"><span class='ocrx_word' id='word_1_65' title='bbox 158 620 267 675; x_wconf 91' lang='grc' dir='ltr'><em>πρὸς</em></span> <span class='ocrx_word' id='word_1_66' title='bbox 297 619 406 673; x_wconf 84' lang='grc' dir='ltr'><em>ἡμᾶς</em></span> <span class='ocrx_word' id='word_1_67' title='bbox 438 621 522 673; x_wconf 82' lang='grc' dir='ltr'><em>ἔχει</em></span> <span class='ocrx_word' id='word_1_68' title='bbox 553 620 632 673; x_wconf 89' lang='grc' dir='ltr'><em>τὴν</em></span> <span class='ocrx_word' id='word_1_69' title='bbox 664 619 905 675; x_wconf 85' lang='grc' dir='ltr'><em>ἀναφοράν,</em></span> <span class='ocrx_word' id='word_1_70' title='bbox 936 619 984 660; x_wconf 92' lang='grc' dir='ltr'><em>τὸ</em></span> <span class='ocrx_word' id='word_1_71' title='bbox 1017 617 1064 660; x_wconf 76' lang='grc' dir='ltr'><em>δὲ</em></span> <span class='ocrx_word' id='word_1_72' title='bbox 1093 620 1201 674; x_wconf 89' lang='grc' dir='ltr'><em>πρὸς</em></span> <span class='ocrx_word' id='word_1_73' title='bbox 1225 621 1305 673; x_wconf 86' lang='grc' dir='ltr'><em>τὴν</em></span> <span class='ocrx_word' id='word_1_74' title='bbox 1333 620 1482 674; x_wconf 83' lang='grc' dir='ltr'><em>φύσιν,</em></span> <span class='ocrx_word' id='word_1_75' title='bbox 1519 607 1520 611; x_wconf 22' lang='lat'>¹</span> 
     </span>
     <span class='ocr_line' id='line_1_14' title="bbox 159 687 704 744; baseline 0 -14"><span class='ocrx_word' id='word_1_76' title='bbox 159 689 207 730; x_wconf 91' lang='grc' dir='ltr'><em>τὸ</em></span> <span class='ocrx_word' id='word_1_77' title='bbox 239 687 286 730; x_wconf 78' lang='grc' dir='ltr'><em>δὲ</em></span> <span class='ocrx_word' id='word_1_78' title='bbox 316 689 424 744; x_wconf 89' lang='grc' dir='ltr'><em>πρὸς</em></span> <span class='ocrx_word' id='word_1_79' title='bbox 454 690 502 730; x_wconf 89' lang='grc' dir='ltr'><em>τὸ</em></span> <span class='ocrx_word' id='word_1_80' title='bbox 534 687 704 744; x_wconf 85' lang='grc' dir='ltr'><em>μέτρον.</em></span> 
     </span>
    </p>

    <p class='ocr_par' dir='ltr' id='par_1_9' title="bbox 159 755 1509 2127">
     <span class='ocr_line' id='line_1_15' title="bbox 247 755 1485 813; baseline -0.001 -14"><span class='ocrx_word' id='word_1_81' title='bbox 247 756 533 813; x_wconf 88' lang='grc' dir='ltr'><em>διωρισμένης</em></span> <span class='ocrx_word' id='word_1_82' title='bbox 576 756 623 799; x_wconf 75' lang='grc' dir='ltr'><em>δὲ</em></span> <span class='ocrx_word' id='word_1_83' title='bbox 665 756 738 799; x_wconf 83' lang='grc' dir='ltr'><em>καὶ</em></span> <span class='ocrx_word' id='word_1_84' title='bbox 781 763 856 811; x_wconf 83' lang='grc' dir='ltr'><em>τῆς</em></span> <span class='ocrx_word' id='word_1_85' title='bbox 891 758 1123 806; x_wconf 80' lang='grc' dir='ltr'><em>κοινωνίας</em></span> <span class='ocrx_word' id='word_1_86' title='bbox 1164 755 1236 798; x_wconf 86' lang='grc' dir='ltr'><em>καὶ</em></span> <span class='ocrx_word' id='word_1_87' title='bbox 1270 758 1485 812; x_wconf 78' lang='grc' dir='ltr'><em>διαφορᾶς</em></span> 
     </span>
     <span class='ocr_line' id='line_1_16' title="bbox 160 825 1498 882; baseline 0 -14"><span class='ocrx_word' id='word_1_88' title='bbox 160 834 247 868; x_wconf 86' lang='grc' dir='ltr'><em>τῶν</em></span> <span class='ocrx_word' id='word_1_89' title='bbox 270 825 573 882; x_wconf 83' lang='grc' dir='ltr'><em>προτεθέντων</em></span> <span class='ocrx_word' id='word_1_90' title='bbox 600 825 809 880; x_wconf 82' lang='grc' dir='ltr'><em>ἑπόμενον</em></span> <span class='ocrx_word' id='word_1_91' title='bbox 834 825 889 868; x_wconf 76' lang='grc' dir='ltr'><em>ἂν</em></span> <span class='ocrx_word' id='word_1_92' title='bbox 914 830 978 879; x_wconf 78' lang='grc' dir='ltr'><em>εἴη</em></span> <span class='ocrx_word' id='word_1_93' title='bbox 1011 827 1177 880; x_wconf 88' lang='grc' dir='ltr'><em>λοιπόν,</em></span> <span class='ocrx_word' id='word_1_94' title='bbox 1202 828 1247 867; x_wconf 88' lang='grc' dir='ltr'><em>τί</em></span> <span class='ocrx_word' id='word_1_95' title='bbox 1267 825 1373 868; x_wconf 90' lang='grc' dir='ltr'><em>ποτέ</em></span> <span class='ocrx_word' id='word_1_96' title='bbox 1395 826 1498 869; x_wconf 82' lang='grc' dir='ltr'><em>ἐστι’</em></span> 
     </span>
     <span class='ocr_line' id='line_1_17' title="bbox 159 894 1483 950; baseline 0 -13"><span class='ocrx_word' id='word_1_97' title='bbox 159 897 207 938; x_wconf 88' lang='grc' dir='ltr'><em>τὸ</em></span> <span class='ocrx_word' id='word_1_98' title='bbox 239 894 475 950; x_wconf 87' lang='grc' dir='ltr'><em>δεδομένον</em></span> <span class='ocrx_word' id='word_1_99' title='bbox 506 894 835 945; x_wconf 83' lang='grc' dir='ltr'><em>ἐπισκέψασθαι.</em></span> <span class='ocrx_word' id='word_1_100' title='bbox 885 895 978 936; x_wconf 84' lang='grc' dir='ltr'><em>ὅσοι</em></span> <span class='ocrx_word' id='word_1_101' title='bbox 1003 896 1155 936; x_wconf 89' lang='grc' dir='ltr'><em>τοίνυν</em></span> <span class='ocrx_word' id='word_1_102' title='bbox 1179 896 1227 936; x_wconf 91' lang='grc' dir='ltr'><em>τὸ</em></span> <span class='ocrx_word' id='word_1_103' title='bbox 1251 894 1353 937; x_wconf 87' lang='grc' dir='ltr'><em>καθ’</em></span> <span class='ocrx_word' id='word_1_104' title='bbox 1378 895 1483 937; x_wconf 71' lang='grc' dir='ltr'><em>ὑπό·</em></span> 
     </span>
     <span class='ocr_line' id='line_1_18' title="bbox 160 961 1503 1023; baseline 0 -17"><span class='ocrx_word' id='word_1_105' title='bbox 160 969 288 1007; x_wconf 91' lang='grc' dir='ltr'><em>θεσιν</em></span> <span class='ocrx_word' id='word_1_106' title='bbox 325 965 557 1018; x_wconf 89' lang='grc' dir='ltr'><em>διδόμενον</em></span> <span class='ocrx_word' id='word_1_107' title='bbox 593 964 678 1005; x_wconf 89' lang='grc' dir='ltr'><em>ὑπὸ</em></span> <span class='ocrx_word' id='word_1_108' title='bbox 710 970 788 1005; x_wconf 86' lang='grc' dir='ltr'><em>τοῦ</em></span> <span class='ocrx_word' id='word_1_109' title='bbox 819 964 1141 1019; x_wconf 76' lang='grc' dir='ltr'><em>προβάλλοντος</em></span> <span class='ocrx_word' id='word_1_110' title='bbox 1176 968 1342 1006; x_wconf 77' lang='grc' dir='ltr'><em>οἴονται</em></span> <span class='ocrx_word' id='word_1_111' title='bbox 1373 961 1503 1023; x_wconf 56' lang='grc' dir='ltr'><em>εἶναιμ</em></span> 
     </span>
     <span class='ocr_line' id='line_1_19' title="bbox 160 1032 1503 1090; baseline -0.001 -14"><span class='ocrx_word' id='word_1_112' title='bbox 160 1035 208 1076; x_wconf 91' lang='grc' dir='ltr'><em>τὸ</em></span> <span class='ocrx_word' id='word_1_113' title='bbox 241 1033 489 1088; x_wconf 79' lang='grc' dir='ltr'><em>δεδομένον,</em></span> <span class='ocrx_word' id='word_1_114' title='bbox 521 1033 863 1089; x_wconf 78' lang='grc' dir='ltr'><em>διαμαρτάνουσι</em></span> <span class='ocrx_word' id='word_1_115' title='bbox 894 1039 971 1074; x_wconf 90' lang='grc' dir='ltr'><em>τοῦ</em></span> <span class='ocrx_word' id='word_1_116' title='bbox 1005 1032 1276 1088; x_wconf 82' lang='grc' dir='ltr'><em>ζητουμένου.</em></span> <span class='ocrx_word' id='word_1_117' title='bbox 1325 1034 1377 1075; x_wconf 81' lang='grc' dir='ltr'><em>τὰ</em></span> <span class='ocrx_word' id='word_1_118' title='bbox 1401 1034 1503 1090; x_wconf 70' lang='grc' dir='ltr'><em>γαρ4</em></span> 
     </span>
     <span class='ocr_line' id='line_1_20' title="bbox 161 1100 1506 1158; baseline 0 -14"><span class='ocrx_word' id='word_1_119' title='bbox 161 1111 349 1157; x_wconf 80' lang='grc' dir='ltr'><em>στοιχεῖα</em></span> <span class='ocrx_word' id='word_1_120' title='bbox 390 1103 530 1144; x_wconf 87' lang='grc' dir='ltr'><em>πάντα</em></span> <span class='ocrx_word' id='word_1_121' title='bbox 572 1110 659 1144; x_wconf 86' lang='grc' dir='ltr'><em>τῶν</em></span> <span class='ocrx_word' id='word_1_122' title='bbox 696 1100 942 1157; x_wconf 89' lang='grc' dir='ltr'><em>δεδομένων</em></span> <span class='ocrx_word' id='word_1_123' title='bbox 978 1102 1256 1144; x_wconf 90' lang='grc' dir='ltr'><em>συντέτακται</em></span> <span class='ocrx_word' id='word_1_124' title='bbox 1299 1103 1351 1144; x_wconf 88' lang='grc' dir='ltr'><em>οὐ</em></span> <span class='ocrx_word' id='word_1_125' title='bbox 1387 1100 1506 1158; x_wconf 82' lang='grc' dir='ltr'><em>περὶ““</em></span> 
     </span>
     <span class='ocr_line' id='line_1_21' title="bbox 163 1171 1484 1225; baseline -0.001 -11"><span class='ocrx_word' id='word_1_126' title='bbox 163 1178 241 1214; x_wconf 91' lang='grc' dir='ltr'><em>τοῦ</em></span> <span class='ocrx_word' id='word_1_127' title='bbox 271 1171 374 1214; x_wconf 88' lang='grc' dir='ltr'><em>καθ’</em></span> <span class='ocrx_word' id='word_1_128' title='bbox 402 1172 617 1214; x_wconf 87' lang='grc' dir='ltr'><em>ὑπόθεσιν</em></span> <span class='ocrx_word' id='word_1_129' title='bbox 647 1172 863 1225; x_wconf 86' lang='grc' dir='ltr'><em>τοιούτου,</em></span> <span class='ocrx_word' id='word_1_130' title='bbox 894 1172 951 1220; x_wconf 84' lang='grc' dir='ltr'><em>ὡς</em></span> <span class='ocrx_word' id='word_1_131' title='bbox 982 1171 1143 1222; x_wconf 82' lang='grc' dir='ltr'><em>ἔξεστιν</em></span> <span class='ocrx_word' id='word_1_132' title='bbox 1176 1173 1285 1213; x_wconf 82' lang='grc' dir='ltr'><em>ἰδεῖν</em></span> <span class='ocrx_word' id='word_1_133' title='bbox 1317 1171 1484 1213; x_wconf 83' lang='grc' dir='ltr'><em>ἐπιοῦσι</em></span> 
     </span>
     <span class='ocr_line' id='line_1_22' title="bbox 161 1239 1498 1297; baseline -0.001 -14"><span class='ocrx_word' id='word_1_134' title='bbox 161 1249 255 1291; x_wconf 85' lang='grc' dir='ltr'><em>ταῖς</em></span> <span class='ocrx_word' id='word_1_135' title='bbox 302 1241 400 1297; x_wconf 85' lang='grc' dir='ltr'><em>περὶ</em></span> <span class='ocrx_word' id='word_1_136' title='bbox 446 1242 604 1283; x_wconf 92' lang='grc' dir='ltr'><em>τούτου</em></span> <span class='ocrx_word' id='word_1_137' title='bbox 646 1242 966 1296; x_wconf 78' lang='grc' dir='ltr'><em>πραγματείαις.</em></span> <span class='ocrx_word' id='word_1_138' title='bbox 1045 1241 1114 1282; x_wconf 86' lang='grc' dir='ltr'><em>διὸ</em></span> <span class='ocrx_word' id='word_1_139' title='bbox 1157 1241 1227 1282; x_wconf 85' lang='grc' dir='ltr'><em>δεῖ</em></span> <span class='ocrx_word' id='word_1_140' title='bbox 1264 1239 1335 1282; x_wconf 87' lang='grc' dir='ltr'><em>καὶ</em></span> <span class='ocrx_word' id='word_1_141' title='bbox 1378 1241 1498 1295; x_wconf 81' lang='grc' dir='ltr'><em>ἡμᾶς·</em></span> 
     </span>
     <span class='ocr_line' id='line_1_23' title="bbox 162 1310 1486 1365; baseline -0.001 -13"><span class='ocrx_word' id='word_1_142' title='bbox 162 1310 350 1365; x_wconf 80' lang='grc' dir='ltr'><em>ἀφέντας</em></span> <span class='ocrx_word' id='word_1_143' title='bbox 380 1312 460 1365; x_wconf 87' lang='grc' dir='ltr'><em>τὴν</em></span> <span class='ocrx_word' id='word_1_144' title='bbox 490 1311 696 1364; x_wconf 89' lang='grc' dir='ltr'><em>τοιαύτην</em></span> <span class='ocrx_word' id='word_1_145' title='bbox 725 1310 946 1364; x_wconf 82' lang='grc' dir='ltr'><em>ὑπόληψιν</em></span> <span class='ocrx_word' id='word_1_146' title='bbox 970 1311 1072 1359; x_wconf 85' lang='grc' dir='ltr'><em>τοὺς</em></span> <span class='ocrx_word' id='word_1_147' title='bbox 1095 1310 1211 1364; x_wconf 82' lang='grc' dir='ltr'><em>παρὰ</em></span> <span class='ocrx_word' id='word_1_148' title='bbox 1235 1317 1322 1351; x_wconf 83' lang='grc' dir='ltr'><em>τῶν</em></span> <span class='ocrx_word' id='word_1_149' title='bbox 1346 1311 1486 1360; x_wconf 79' lang='grc' dir='ltr'><em>ἄλλως</em></span> 
     </span>
     <span class='ocr_line' id='line_1_24' title="bbox 162 1377 1485 1436; baseline -0.001 -15"><span class='ocrx_word' id='word_1_150' title='bbox 162 1379 424 1436; x_wconf 84' lang='grc' dir='ltr'><em>ὁριζομένων</em></span> <span class='ocrx_word' id='word_1_151' title='bbox 469 1382 626 1433; x_wconf 81' lang='grc' dir='ltr'><em>λόγους</em></span> <span class='ocrx_word' id='word_1_152' title='bbox 663 1378 871 1429; x_wconf 81' lang='grc' dir='ltr'><em>ἐξετάσαι·</em></span> <span class='ocrx_word' id='word_1_153' title='bbox 915 1381 1032 1420; x_wconf 85' lang='grc' dir='ltr'><em>ἔσται</em></span> <span class='ocrx_word' id='word_1_154' title='bbox 1072 1377 1120 1420; x_wconf 78' lang='grc' dir='ltr'><em>δὲ</em></span> <span class='ocrx_word' id='word_1_155' title='bbox 1156 1379 1204 1420; x_wconf 92' lang='grc' dir='ltr'><em>τὸ</em></span> <span class='ocrx_word' id='word_1_156' title='bbox 1240 1378 1341 1420; x_wconf 90' lang='grc' dir='ltr'><em>καθ’</em></span> <span class='ocrx_word' id='word_1_157' title='bbox 1380 1378 1485 1420; x_wconf 84' lang='grc' dir='ltr'><em>ὑπό-</em></span> 
     </span>
     <span class='ocr_line' id='line_1_25' title="bbox 161 1447 1486 1504; baseline -0.002 -13"><span class='ocrx_word' id='word_1_158' title='bbox 161 1454 290 1491; x_wconf 90' lang='grc' dir='ltr'><em>θεσιν</em></span> <span class='ocrx_word' id='word_1_159' title='bbox 327 1450 558 1503; x_wconf 88' lang='grc' dir='ltr'><em>διδόμενον</em></span> <span class='ocrx_word' id='word_1_160' title='bbox 595 1449 643 1491; x_wconf 94' lang='grc' dir='ltr'><em>τὸ</em></span> <span class='ocrx_word' id='word_1_161' title='bbox 682 1448 936 1497; x_wconf 81' lang='grc' dir='ltr'><em>ἀκολούθως</em></span> <span class='ocrx_word' id='word_1_162' title='bbox 977 1456 1070 1497; x_wconf 79' lang='grc' dir='ltr'><em>ταῖς</em></span> <span class='ocrx_word' id='word_1_163' title='bbox 1104 1447 1256 1504; x_wconf 80' lang='grc' dir='ltr'><em>ἀρχαῖς</em></span> <span class='ocrx_word' id='word_1_164' title='bbox 1291 1448 1486 1502; x_wconf 86' lang='grc' dir='ltr'><em>θεωρού-</em></span> 
     </span>
     <span class='ocr_line' id='line_1_26' title="bbox 163 1515 1506 1574; baseline -0.001 -14"><span class='ocrx_word' id='word_1_165' title='bbox 163 1533 306 1573; x_wconf 87' lang='grc' dir='ltr'><em>μενον.</em></span> <span class='ocrx_word' id='word_1_166' title='bbox 365 1518 582 1574; x_wconf 80' lang='grc' dir='ltr'><em>ὁρίζονται</em></span> <span class='ocrx_word' id='word_1_167' title='bbox 614 1518 668 1572; x_wconf 88' lang='grc' dir='ltr'><em>δὴ</em></span> <span class='ocrx_word' id='word_1_168' title='bbox 706 1519 751 1559; x_wconf 81' lang='grc' dir='ltr'><em>οἶ</em></span> <span class='ocrx_word' id='word_1_169' title='bbox 783 1515 863 1572; x_wconf 72' lang='grc' dir='ltr'><em>μὲν</em></span> <span class='ocrx_word' id='word_1_170' title='bbox 899 1517 1198 1572; x_wconf 87' lang='grc' dir='ltr'><em>ὀνομαστικοῖς</em></span> <span class='ocrx_word' id='word_1_171' title='bbox 1229 1517 1347 1572; x_wconf 83' lang='grc' dir='ltr'><em>ὅροις</em></span> <span class='ocrx_word' id='word_1_172' title='bbox 1376 1517 1506 1572; x_wconf 27' lang='grc' dir='ltr'><em>χρώ--</em></span> 
     </span>
     <span class='ocr_line' id='line_1_27' title="bbox 162 1584 1509 1642; baseline -0.001 -13"><span class='ocrx_word' id='word_1_173' title='bbox 162 1603 284 1642; x_wconf 89' lang='grc' dir='ltr'><em>μενοι</em></span> <span class='ocrx_word' id='word_1_174' title='bbox 322 1586 391 1629; x_wconf 75' lang='grc' dir='ltr'><em>ε”νί</em></span> <span class='ocrx_word' id='word_1_175' title='bbox 423 1603 510 1629; x_wconf 89' lang='grc' dir='ltr'><em>τινι</em></span> <span class='ocrx_word' id='word_1_176' title='bbox 547 1595 635 1629; x_wconf 87' lang='grc' dir='ltr'><em>τῶν</em></span> <span class='ocrx_word' id='word_1_177' title='bbox 671 1586 910 1642; x_wconf 85' lang='grc' dir='ltr'><em>εἰρημένων</em></span> <span class='ocrx_word' id='word_1_178' title='bbox 953 1587 1057 1628; x_wconf 87' lang='grc' dir='ltr'><em>αὐτὸ</em></span> <span class='ocrx_word' id='word_1_179' title='bbox 1094 1584 1509 1642; x_wconf 56' lang='grc' dir='ltr'><em>χαρακτηρίζοντες,</em></span> 
     </span>
     <span class='ocr_line' id='line_1_28' title="bbox 163 1653 1486 1712; baseline -0.002 -14"><span class='ocrx_word' id='word_1_180' title='bbox 163 1657 221 1706; x_wconf 82' lang='grc' dir='ltr'><em>ὡς</em></span> <span class='ocrx_word' id='word_1_181' title='bbox 253 1656 299 1698; x_wconf 81' lang='grc' dir='ltr'><em>ἐν</em></span> <span class='ocrx_word' id='word_1_182' title='bbox 330 1656 439 1712; x_wconf 82' lang='grc' dir='ltr'><em>ἀρχῇ</em></span> <span class='ocrx_word' id='word_1_183' title='bbox 471 1661 647 1712; x_wconf 80' lang='grc' dir='ltr'><em>εἴρηται.</em></span> <span class='ocrx_word' id='word_1_184' title='bbox 706 1655 863 1704; x_wconf 90' lang='grc' dir='ltr'><em>πάντες</em></span> <span class='ocrx_word' id='word_1_185' title='bbox 896 1653 944 1697; x_wconf 74' lang='grc' dir='ltr'><em>δὲ</em></span> <span class='ocrx_word' id='word_1_186' title='bbox 975 1656 1131 1710; x_wconf 88' lang='grc' dir='ltr'><em>σχεδὸν</em></span> <span class='ocrx_word' id='word_1_187' title='bbox 1162 1656 1304 1710; x_wconf 81' lang='grc' dir='ltr'><em>ὥσπερ</em></span> <span class='ocrx_word' id='word_1_188' title='bbox 1335 1656 1486 1709; x_wconf 86' lang='grc' dir='ltr'><em>κοινὴν</em></span> 
     </span>
     <span class='ocr_line' id='line_1_29' title="bbox 163 1723 1486 1781; baseline -0.001 -14"><span class='ocrx_word' id='word_1_189' title='bbox 163 1728 337 1768; x_wconf 82' lang='grc' dir='ltr'><em>ἔννοιαν</em></span> <span class='ocrx_word' id='word_1_190' title='bbox 368 1724 465 1781; x_wconf 86' lang='grc' dir='ltr'><em>περὶ</em></span> <span class='ocrx_word' id='word_1_191' title='bbox 493 1731 571 1767; x_wconf 90' lang='grc' dir='ltr'><em>τοῦ</em></span> <span class='ocrx_word' id='word_1_192' title='bbox 597 1723 832 1779; x_wconf 87' lang='grc' dir='ltr'><em>δεδομένου</em></span> <span class='ocrx_word' id='word_1_193' title='bbox 859 1725 1065 1766; x_wconf 88' lang='grc' dir='ltr'><em>δοκοῦσιν</em></span> <span class='ocrx_word' id='word_1_194' title='bbox 1090 1724 1329 1779; x_wconf 79' lang='grc' dir='ltr'><em>έσχηκέναι’</em></span> <span class='ocrx_word' id='word_1_195' title='bbox 1360 1739 1486 1766; x_wconf 82' lang='grc' dir='ltr'><em>κατα-</em></span> 
     </span>
     <span class='ocr_line' id='line_1_30' title="bbox 163 1790 1486 1849; baseline -0.002 -12"><span class='ocrx_word' id='word_1_196' title='bbox 163 1796 326 1848; x_wconf 90' lang='grc' dir='ltr'><em>ληπτὸν</em></span> <span class='ocrx_word' id='word_1_197' title='bbox 356 1794 438 1849; x_wconf 89' lang='grc' dir='ltr'><em>γάρ</em></span> <span class='ocrx_word' id='word_1_198' title='bbox 470 1809 511 1835; x_wconf 88' lang='grc' dir='ltr'><em>τι</em></span> <span class='ocrx_word' id='word_1_199' title='bbox 543 1794 649 1836; x_wconf 87' lang='grc' dir='ltr'><em>αὐτὸ</em></span> <span class='ocrx_word' id='word_1_200' title='bbox 675 1790 787 1835; x_wconf 83' lang='grc' dir='ltr'><em>εἶναι</em></span> <span class='ocrx_word' id='word_1_201' title='bbox 811 1791 1042 1847; x_wconf 78' lang='grc' dir='ltr'><em>ὑπέλαβον,</em></span> <span class='ocrx_word' id='word_1_202' title='bbox 1074 1793 1132 1842; x_wconf 82' lang='grc' dir='ltr'><em>ὡς</em></span> <span class='ocrx_word' id='word_1_203' title='bbox 1156 1793 1261 1835; x_wconf 88' lang='grc' dir='ltr'><em>αὐτὸ</em></span> <span class='ocrx_word' id='word_1_204' title='bbox 1288 1793 1486 1848; x_wconf 84' lang='grc' dir='ltr'><em>ἐμφαίνει</em></span> 
     </span>
     <span class='ocr_line' id='line_1_31' title="bbox 165 1861 1485 1917; baseline -0.001 -12"><span class='ocrx_word' id='word_1_205' title='bbox 165 1865 212 1906; x_wconf 94' lang='grc' dir='ltr'><em>τὸ</em></span> <span class='ocrx_word' id='word_1_206' title='bbox 244 1870 321 1905; x_wconf 88' lang='grc' dir='ltr'><em>τοῦ</em></span> <span class='ocrx_word' id='word_1_207' title='bbox 353 1862 590 1917; x_wconf 89' lang='grc' dir='ltr'><em>δεδομένου</em></span> <span class='ocrx_word' id='word_1_208' title='bbox 621 1864 770 1917; x_wconf 80' lang='grc' dir='ltr'><em>ὄνομα,</em></span> <span class='ocrx_word' id='word_1_209' title='bbox 802 1861 871 1904; x_wconf 88' lang='grc' dir='ltr'><em>καὶ</em></span> <span class='ocrx_word' id='word_1_210' title='bbox 896 1862 1080 1916; x_wconf 87' lang='grc' dir='ltr'><em>μάλιστα</em></span> <span class='ocrx_word' id='word_1_211' title='bbox 1105 1864 1150 1904; x_wconf 80' lang='lat'><em>015</em></span> <span class='ocrx_word' id='word_1_212' title='bbox 1172 1863 1219 1905; x_wconf 93' lang='grc' dir='ltr'><em>τὸ</em></span> <span class='ocrx_word' id='word_1_213' title='bbox 1250 1861 1352 1904; x_wconf 89' lang='grc' dir='ltr'><em>καθ’</em></span> <span class='ocrx_word' id='word_1_214' title='bbox 1381 1863 1485 1904; x_wconf 88' lang='grc' dir='ltr'><em>ὑπό-</em></span> 
     </span>
     <span class='ocr_line' id='line_1_32' title="bbox 163 1929 1484 1987; baseline 0 -14"><span class='ocrx_word' id='word_1_215' title='bbox 163 1937 291 1974; x_wconf 90' lang='grc' dir='ltr'><em>θεσιν</em></span> <span class='ocrx_word' id='word_1_216' title='bbox 337 1931 573 1987; x_wconf 90' lang='grc' dir='ltr'><em>δεδομένον</em></span> <span class='ocrx_word' id='word_1_217' title='bbox 614 1932 953 1987; x_wconf 84' lang='grc' dir='ltr'><em>ὑπογράφοντες.</em></span> <span class='ocrx_word' id='word_1_218' title='bbox 1032 1934 1139 1973; x_wconf 82' lang='grc' dir='ltr'><em>ἔνιοι</em></span> <span class='ocrx_word' id='word_1_219' title='bbox 1189 1929 1236 1973; x_wconf 74' lang='grc' dir='ltr'><em>δὲ</em></span> <span class='ocrx_word' id='word_1_220' title='bbox 1282 1932 1390 1987; x_wconf 89' lang='grc' dir='ltr'><em>πρὸς</em></span> <span class='ocrx_word' id='word_1_221' title='bbox 1436 1932 1484 1973; x_wconf 87' lang='grc' dir='ltr'><em>τὸ</em></span> 
     </span>
     <span class='ocr_line' id='line_1_33' title="bbox 165 1999 1485 2057; baseline -0.001 -14"><span class='ocrx_word' id='word_1_222' title='bbox 165 2002 527 2056; x_wconf 86' lang='grc' dir='ltr'><em>συγχωρούμενον</em></span> <span class='ocrx_word' id='word_1_223' title='bbox 558 2000 815 2055; x_wconf 81' lang='grc' dir='ltr'><em>ἀπέβλεψαν.</em></span> <span class='ocrx_word' id='word_1_224' title='bbox 864 2001 1076 2056; x_wconf 83' lang='grc' dir='ltr'><em>χρώμενοι</em></span> <span class='ocrx_word' id='word_1_225' title='bbox 1108 2001 1161 2054; x_wconf 86' lang='grc' dir='ltr'><em>δὴ</em></span> <span class='ocrx_word' id='word_1_226' title='bbox 1187 1999 1258 2042; x_wconf 87' lang='grc' dir='ltr'><em>καὶ</em></span> <span class='ocrx_word' id='word_1_227' title='bbox 1283 2000 1403 2055; x_wconf 81' lang='grc' dir='ltr'><em>ἡμεῖς</em></span> <span class='ocrx_word' id='word_1_228' title='bbox 1427 2005 1485 2057; x_wconf 75' lang='grc' dir='ltr'><em>τῷ</em></span> 
     </span>
     <span class='ocr_line' id='line_1_34' title="bbox 165 2068 1486 2127; baseline -0.001 -15"><span class='ocrx_word' id='word_1_229' title='bbox 165 2070 374 2127; x_wconf 83' lang='grc' dir='ltr'><em>εἰρημένῳ</em></span> <span class='ocrx_word' id='word_1_230' title='bbox 430 2071 572 2126; x_wconf 84' lang='grc' dir='ltr'><em>ὥσπερ</em></span> <span class='ocrx_word' id='word_1_231' title='bbox 625 2072 777 2112; x_wconf 91' lang='grc' dir='ltr'><em>κανόνι</em></span> <span class='ocrx_word' id='word_1_232' title='bbox 830 2068 901 2111; x_wconf 88' lang='grc' dir='ltr'><em>καὶ</em></span> <span class='ocrx_word' id='word_1_233' title='bbox 948 2071 1153 2125; x_wconf 81' lang='grc' dir='ltr'><em>κριτηρίςο</em></span> <span class='ocrx_word' id='word_1_234' title='bbox 1208 2070 1486 2124; x_wconf 88' lang='grc' dir='ltr'><em>δυνησόμεθα</em></span> 
     </span>
    </p>
   </div>
   <div class='ocr_carea' id='block_1_9' title="bbox 166 2192 1487 2332">
    <p class='ocr_par' dir='ltr' id='par_1_10' title="bbox 166 2192 1487 2332">
     <span class='ocr_line' id='line_1_35' title="bbox 260 2192 1487 2241; baseline -0.001 -12"><span class='ocrx_word' id='word_1_235' title='bbox 260 2199 289 2229; x_wconf 90' lang='grc'><em>1.</em></span> <span class='ocrx_word' id='word_1_236' title='bbox 323 2196 413 2240; x_wconf 70' lang='grc' dir='ltr'><em>τῶν]</em></span> <span class='ocrx_word' id='word_1_237' title='bbox 437 2200 501 2230; x_wconf 87' lang='grc' dir='ltr'><em>τοῦ</em></span> <span class='ocrx_word' id='word_1_238' title='bbox 527 2195 611 2229; x_wconf 76' lang='lat' dir='ltr'>Vat.</span> <span class='ocrx_word' id='word_1_239' title='bbox 730 2193 808 2241; x_wconf 76' lang='grc' dir='ltr'><em>καί]</em></span> <span class='ocrx_word' id='word_1_240' title='bbox 835 2205 903 2229; x_wconf 88' lang='lat' dir='ltr'><em>om.</em></span> <span class='ocrx_word' id='word_1_241' title='bbox 929 2194 967 2229; x_wconf 91' lang='lat' dir='ltr'><em>P.</em></span> <span class='ocrx_word' id='word_1_242' title='bbox 1086 2192 1368 2239; x_wconf 82' lang='grc' dir='ltr'><em>θεωρουμένων]</em></span> <span class='ocrx_word' id='word_1_243' title='bbox 1392 2195 1487 2228; x_wconf 81' lang='grc' dir='ltr'><em>θεω-</em></span> 
     </span>
     <span class='ocr_line' id='line_1_36' title="bbox 166 2238 1485 2286; baseline -0.002 -10"><span class='ocrx_word' id='word_1_244' title='bbox 166 2242 346 2285; x_wconf 82' lang='grc' dir='ltr'><em>ρούμενον</em></span> <span class='ocrx_word' id='word_1_245' title='bbox 371 2242 454 2276; x_wconf 77' lang='lat' dir='ltr'>Vat.</span> <span class='ocrx_word' id='word_1_246' title='bbox 537 2245 568 2276; x_wconf 85' lang='lat'><em>3.</em></span> <span class='ocrx_word' id='word_1_247' title='bbox 596 2241 700 2286; x_wconf 77' lang='grc' dir='ltr'><em>γοῦν]</em></span> <span class='ocrx_word' id='word_1_248' title='bbox 727 2239 794 2277; x_wconf 82' lang='grc' dir='ltr'><em>οὖν</em></span> <span class='ocrx_word' id='word_1_249' title='bbox 813 2240 895 2275; x_wconf 77' lang='lat' dir='ltr'><strong>Vat.</strong></span> <span class='ocrx_word' id='word_1_250' title='bbox 975 2244 1006 2275; x_wconf 87' lang='lat'><em>4.</em></span> <span class='ocrx_word' id='word_1_251' title='bbox 1032 2241 1119 2284; x_wconf 81' lang='grc' dir='ltr'><em>πρὶν</em></span> <span class='ocrx_word' id='word_1_252' title='bbox 1140 2241 1199 2286; x_wconf 81' lang='grc' dir='ltr'><em>οὐ]</em></span> <span class='ocrx_word' id='word_1_253' title='bbox 1225 2238 1359 2284; x_wconf 82' lang='grc' dir='ltr'><em>ὠρίνου</em></span> <span class='ocrx_word' id='word_1_254' title='bbox 1384 2239 1485 2283; x_wconf 78' lang='lat' dir='ltr'>Vat.;</span> 
     </span>
     <span class='ocr_line' id='line_1_37' title="bbox 166 2284 1485 2332; baseline -0.002 -9"><span class='ocrx_word' id='word_1_255' title='bbox 166 2285 320 2331; x_wconf 84' lang='grc' dir='ltr'><em>σωρίνου</em></span> <span class='ocrx_word' id='word_1_256' title='bbox 346 2287 423 2322; x_wconf 84' lang='lat' dir='ltr'><strong>cod.</strong></span> <span class='ocrx_word' id='word_1_257' title='bbox 445 2287 528 2322; x_wconf 76' lang='lat' dir='ltr'><strong>Vat.</strong></span> <span class='ocrx_word' id='word_1_258' title='bbox 550 2287 608 2322; x_wconf 83' lang='lat' dir='ltr'><em>Gr.</em></span> <span class='ocrx_word' id='word_1_259' title='bbox 630 2290 707 2322; x_wconf 82' lang='lat'><strong>202.</strong></span> <span class='ocrx_word' id='word_1_260' title='bbox 790 2290 842 2322; x_wconf 90' lang='lat'><em>10.</em></span> <span class='ocrx_word' id='word_1_261' title='bbox 871 2286 959 2332; x_wconf 79' lang='grc' dir='ltr'><em>ἐστι]</em></span> <span class='ocrx_word' id='word_1_262' title='bbox 986 2285 1081 2323; x_wconf 80' lang='grc' dir='ltr'><em>ἐστιν</em></span> <span class='ocrx_word' id='word_1_263' title='bbox 1106 2286 1174 2321; x_wconf 87' lang='lat' dir='ltr'><em>Pv.</em></span> <span class='ocrx_word' id='word_1_264' title='bbox 1248 2290 1301 2321; x_wconf 82' lang='lat'><em>12.</em></span> <span class='ocrx_word' id='word_1_265' title='bbox 1328 2284 1485 2331; x_wconf 77' lang='grc' dir='ltr'><em>οἴονται]</em></span> 
     </span>
    </p>
   </div>
  </div>
 </body>
</html>
