1520 2508
627 97 844 133 sonem.
1185 80 1188 82 ’
1321 95 1406 138 297

19 183 59 228 f
87 215 89 219 ¹
107 199 198 239 EA
230 198 328 237 ἴσον
359 192 451 238 ἐστὶ
481 201 573 244 τοῖς
604 193 689 237 ἀπὸ
721 200 812 236 τῶν
843 195 992 236 ΑΕΒ.
1054 194 1131 235 καί
1158 191 1278 235 ἐστιν
1310 196 1409 235 ἴσον

17 267 39 324 j
55 299 57 301 -
82 275 150 318 οῖς
180 266 265 309 ἀπὸ
297 273 385 308 τῶν
410 267 549 308 ΑΕΔ
580 266 629 307 τὸ
661 265 746 307 ἀπὸ
771 270 849 320 τῆς
873 267 970 307 ΛΔ.
1020 264 1070 307 τὸ
1096 265 1181 321 ἄρα
1205 263 1293 307 ὑπὸ
1319 270 1410 306 τῶν

17 325 19 341 ⁸
54 344 55 350 ’
278 359 322 393 A
679 339 722 379 Γ
715 339 804 379 ΔΒ
836 337 943 392 μετὰ
973 342 1052 378 τοῦ
1082 334 1166 378 ἀπὸ
1192 338 1279 378 ΑΔ
1311 338 1410 378 ἴσον

57 393 60 399 ,
678 406 769 450 ἐστὶ
802 415 895 458 τοῖς
932 406 1017 450 ἀπὸ
1054 413 1142 449 τῶν
1174 409 1281 461 ΑΕ,
1312 409 1409 449 ΕΒ.

26 478 53 496 ³
677 481 754 521 καί
795 477 886 521 ἐστι
928 486 1021 529 τοῖς
1062 477 1145 520 ἀπὸ
1186 481 1294 533 ΑΕ,
1325 480 1411 520 ΕΒ
1461 488 1482 520 5

13 558 35 614 ξ
679 551 727 592 τὸ
779 549 863 592 ἀπὸ
905 552 992 592 ΑΒ
1044 553 1154 592 ἴσον.
1227 550 1276 592 τὸ
1326 550 1412 606 ἄρα

12 649 13 660 ;
69 673 107 708 B
554 668 599 702 Γ
678 621 764 664 ὑπὸ
798 622 878 663 ΓΔ
886 623 924 663 Β
961 621 1067 676 μετὰ
1099 625 1179 662 τοῦ
1211 619 1295 662 ἀπὸ
1325 623 1412 662 ΑΛ

10 720 11 723 ¹
172 693 208 729 A

681 695 778 734 ἴσον
810 698 870 749 τῷ
904 691 988 734 ἀπὸ
1021 693 1120 733 ΑΒ.

151 777 248 819 134.
289 774 514 830 Ἰσογώνια
546 774 629 831 γάρ
663 773 754 817 ἐστι
785 775 838 817 τὰ
869 776 1014 829 ΔΛΓ,
1040 777 1084 816 Δ
1092 777 1179 816 ΒΕ
1206 776 1412 830 τρίγωνα.

8 886 9 907 ἢ
153 860 248 903 135.
303 857 392 901 Καὶ
424 858 519 901 ἐπεί
550 858 670 901 ἐστιν
703 857 762 908 ὡς
792 856 818 912 ἡ
852 860 934 899 ΒΑ
970 873 1011 913 p.
1047 858 1144 913 124,
1184 857 1258 912 18]
1302 872 1411 914 παρ·
1439 867 1483 899 10

62 931 249 986 ἄλληλος
279 929 362 986 γάρ
395 929 514 972 ἐστιν
545 929 571 984 ἡ
604 931 698 972 ΑΓ
721 936 773 986 τῇ
805 932 901 971 ΒΕ.

325 1093 327 1096 .
513 1048 583 1090 Ad
613 1063 732 1104 prop.
765 1046 961 1090 LXVIII.

156 1132 251 1175 136.
281 1130 407 1174 ’Ἐστι
434 1128 482 1173 δὲ
506 1129 579 1173 καὶ
607 1131 845 1185 ἰσογώνιον
869 1146 909 1185 p.
933 1131 1028 1186 128,
1050 1130 1184 1186 3—4]
1212 1129 1302 1173 ἐπεὶ
1329 1131 1413 1188 γὰρ

39 1199 139 1258 ’ἴση
172 1201 263 1246 ἐστὶ
295 1202 320 1258 ἡ
351 1202 438 1245 ὑπὸ
470 1205 603 1244 ΑΕΒ
635 1209 687 1258 τῇ
722 1205 776 1257 Z,
810 1200 906 1244 ἀλλ’
935 1201 961 1257 ἡ
992 1201 1078 1244 ὑπὸ
1111 1204 1244 1244 ΑΕΒ
1276 1209 1328 1258 τῇ
1365 1204 1415 1257 Θ,

2 1267 4 1285 '
42 1273 139 1317 ,καὶ
170 1274 197 1329 ἡ
233 1277 270 1316 Θ
301 1274 386 1331 ἄρα
417 1280 468 1330 τῇ
503 1276 538 1316 Ζ
571 1273 691 1316 ἐστιν
724 1277 812 1328 ἴση·
845 1272 1006 1328 ὁμοίως
1036 1271 1109 1314 καὶ
1141 1273 1190 1315 αἱ
1217 1275 1379 1316 λοιπαί.
1443 1282 1487 1315 15

537 1392 606 1434 Ad
636 1406 757 1448 prop.
789 1391 942 1434 LXIX.

159 1475 256 1519 137.
295 1473 412 1518 Ἐπεὶ
444 1474 630 1518 δοθεῖσοί
663 1474 783 1517 ἐστιν
814 1474 994 1531 ἑκατέρα
1031 1482 1120 1517 τῶν
1151 1474 1237 1517 ὑπὸ
1269 1476 1416 1530 ΔΑΓ,

66 1548 209 1589 ΑΚΔ
251 1562 291 1602 p.
326 1547 423 1602 130,
462 1544 505 1603 2]
552 1544 644 1589 ἐπεὶ
687 1546 966 1602 παράλληλός
1010 1545 1129 1589 ἐστιν
1172 1546 1198 1601 ἡ
1236 1548 1325 1588 ΔΒ
1364 1553 1415 1603 τῇ

44 1620 166 1674 ΛΓ,
210 1616 283 1660 καὶ
320 1619 382 1668 εἰς
419 1617 554 1667 αὐτὰς
586 1616 787 1660 ἐνέπεσεν
819 1617 972 1659 εὐθεῖα
1003 1617 1029 1672 ἡ
1062 1621 1167 1672 AA,
1211 1619 1260 1660 αἱ
1294 1617 1418 1668 ἐντὸς

40 1710 44 1747 3·
69 1690 226 1743 γωνίαι
263 1689 312 1731 αἱ
345 1688 432 1731 ὑπὸ
464 1691 611 1743 ΒΔΑ,
644 1692 732 1731 ΛΑ
741 1690 783 1730 Γ
813 1687 945 1731 δυσὶν
976 1688 1136 1745 ὀρθαῖς
1169 1692 1260 1731 ἴσαι
1292 1690 1416 1732 εἰσίν.
1443 1698 1488 1730 20

163 1816 340 1863 Figuram
366 1817 453 1852 dedi
479 1828 524 1852 ex
547 1817 586 1852 P.

154 1911 245 1973 ⁸134.
272 1935 332 1970 Pl.
431 1939 509 1971 135.
535 1935 574 1970 P.
675 1938 752 1970 136.
779 1935 1047 1979 Plvatmoz.
1150 1939 1227 1970 137.
1253 1935 1340 1971 Pla..

34 2099 36 2101 ,
167 2057 198 2090 1.
223 2054 350 2101 ΑΕΔ]
376 2056 458 2098 ΑΕ,
479 2055 552 2089 ΕΛ
578 2054 819 2098 Vat.Mon.9‚
847 2052 939 2088 ibem
964 2053 1028 2088 lin.
1056 2058 1087 2089 2.
1196 2054 1288 2089 Post
1311 2057 1418 2090 ΑΕΒ

36 2101 39 2114 ³
70 2101 123 2137 Pl
146 2101 305 2138 habent:
344 2099 407 2137 καί
434 2101 531 2137 ἐστιν
564 2100 644 2136 ἴσον
676 2107 753 2142 τοῖς
784 2101 859 2136 ἀπὸ
885 2107 958 2137 τῶν
984 2105 1012 2135 Α
1022 2103 1100 2136 ΕΒ.
1224 2100 1320 2148 ἴσον]
1347 2113 1418 2137 om.

42 2186 45 2189 Δ
71 2148 171 2184 Mon.
281 2152 313 2184 3.
344 2149 460 2195 ΓΔΒ]
489 2151 586 2184 ΓΑΒ
611 2148 672 2184 Pl.
773 2147 854 2184 ἴσον
882 2146 976 2195 ἐστί]
1003 2159 1073 2183 om.
1098 2149 1158 2184 Pl.
1270 2153 1302 2184 5.
1330 2149 1419 2196 ἐστι]

43 2203 47 2212 ”
73 2207 143 2232 om.
158 2196 284 2241 Vane.
357 2198 439 2240 ΑΕ,
460 2196 545 2243 ΕΒ]
565 2199 666 2231 ΑΔΒ
687 2195 792 2231 codd.
869 2199 900 2230 6.
927 2195 1018 2242 ἀπό]
1040 2196 1178 2231 om.Pl.
1252 2196 1294 2232 τό
1309 2196 1419 2243 (alt.)]

37 2265 38 2268 =
71 2249 148 2285 τοῖς
172 2243 315 2279 PlVat.
415 2248 445 2279 7.
471 2243 563 2290 ἀπό]
590 2255 660 2278 om.
687 2243 793 2278 codd.
879 2244 959 2290 ΑΔ]
987 2247 1087 2279 ΑΛΒ
1111 2243 1171 2279 Pl.
1262 2247 1293 2279 8.
1321 2243 1419 2291 ἴσον]

2 2299 3 2302 ’
67 2291 270 2373 'oxalMp'm
391 2291 456 2338 τῷ]
488 2290 529 2326 τό
555 2291 594 2326 Ρ.
718 2294 772 2326 14.
809 2291 851 2337 Ζ]
888 2293 950 2326 ΖΑ
983 2291 1088 2327 codd.
1212 2295 1267 2326 19.
1301 2291 1420 2339 ἐντός]

36 2351 49 2355 ··
73 2351 98 2373 α
145 2351 184 2379 ος
241 2367 248 2373 .
