<?xml version="1.0" encoding="UTF-8"?>
<!DOCTYPE html PUBLIC "-//W3C//DTD XHTML 1.0 Transitional//EN"
    "http://www.w3.org/TR/xhtml1/DTD/xhtml1-transitional.dtd">
<html xmlns="http://www.w3.org/1999/xhtml" xml:lang="en" lang="en">
 <head>
  <title>
</title>
<meta http-equiv="Content-Type" content="text/html;charset=utf-8" />
  <meta name='ocr-system' content='tesseract 3.04.00' />
  <meta name='ocr-capabilities' content='ocr_page ocr_carea ocr_par ocr_line ocrx_word'/>
</head>
<body>
  <div class='ocr_page' id='page_1' title='image "./euclidisoperaomn06eucluoft_0108.png"; bbox 0 0 1520 2508; ppageno 0'>
   <div class='ocr_carea' id='block_1_1' title="bbox 95 73 1520 720">
    <p class='ocr_par' dir='ltr' id='par_1_1' title="bbox 142 73 1518 143">
     <span class='ocr_line' id='line_1_1' title="bbox 142 73 1518 143; baseline 0.011 -30"><span class='ocrx_word' id='word_1_1' title='bbox 142 81 205 122; x_wconf 80' lang='lat'><em>42</em></span> <span class='ocrx_word' id='word_1_2' title='bbox 675 88 940 123; x_wconf 73' lang='lat' dir='ltr'><strong>AEAOMENA.</strong></span> <span class='ocrx_word' id='word_1_3' title='bbox 983 73 986 75; x_wconf 66' lang='grc'>’</span> <span class='ocrx_word' id='word_1_4' title='bbox 1068 89 1072 94; x_wconf 82' lang='lat'><strong>·</strong></span> <span class='ocrx_word' id='word_1_5' title='bbox 1455 73 1518 143; x_wconf 89' lang='lat'><em>3</em></span> 
     </span>
    </p>

    <p class='ocr_par' dir='ltr' id='par_1_2' title="bbox 1461 143 1519 171">
     <span class='ocr_line' id='line_1_2' title="bbox 1510 143 1519 171; baseline 0 0"><span class='ocrx_word' id='word_1_6' title='bbox 1510 143 1519 171; x_wconf 61' lang='grc' dir='ltr'><strong>ἰ</strong></span> 
     </span>
    </p>

    <p class='ocr_par' dir='ltr' id='par_1_3' title="bbox 236 179 1520 237">
     <span class='ocr_line' id='line_1_3' title="bbox 236 179 1520 237; baseline 0.005 -15"><span class='ocrx_word' id='word_1_7' title='bbox 236 182 316 223; x_wconf 84' lang='grc' dir='ltr'><em>δύο</em></span> <span class='ocrx_word' id='word_1_8' title='bbox 347 182 429 236; x_wconf 76' lang='grc' dir='ltr'><em>γὰρ</em></span> <span class='ocrx_word' id='word_1_9' title='bbox 459 179 620 235; x_wconf 78' lang='grc' dir='ltr'><em>μεγέθη</em></span> <span class='ocrx_word' id='word_1_10' title='bbox 646 182 698 222; x_wconf 81' lang='grc' dir='ltr'><em>τὰ</em></span> <span class='ocrx_word' id='word_1_11' title='bbox 723 184 821 236; x_wconf 89' lang='grc' dir='ltr'><em>ΑΒ,</em></span> <span class='ocrx_word' id='word_1_12' title='bbox 840 184 928 224; x_wconf 92' lang='grc' dir='ltr'><em>ΒΓ</em></span> <span class='ocrx_word' id='word_1_13' title='bbox 950 184 1058 237; x_wconf 77' lang='grc' dir='ltr'><em>πρός</em></span> <span class='ocrx_word' id='word_1_14' title='bbox 1081 198 1122 224; x_wconf 90' lang='grc' dir='ltr'><em>τι</em></span> <span class='ocrx_word' id='word_1_15' title='bbox 1146 181 1328 236; x_wconf 85' lang='grc' dir='ltr'><em>μέγεθος</em></span> <span class='ocrx_word' id='word_1_16' title='bbox 1350 185 1398 234; x_wconf 75' lang='grc' dir='ltr'><em>τὸ</em></span> <span class='ocrx_word' id='word_1_17' title='bbox 1414 187 1459 228; x_wconf 91' lang='grc' dir='ltr'><em>Δ</em></span> <span class='ocrx_word' id='word_1_18' title='bbox 1494 182 1496 187; x_wconf 69' lang='grc'>’</span> <span class='ocrx_word' id='word_1_19' title='bbox 1516 191 1520 228; x_wconf 69' lang='grc' dir='ltr'>ἶ</span> 
     </span>
    </p>

    <p class='ocr_par' dir='ltr' id='par_1_4' title="bbox 142 248 1520 310">
     <span class='ocr_line' id='line_1_4' title="bbox 142 248 1520 310; baseline 0.003 -18"><span class='ocrx_word' id='word_1_20' title='bbox 142 252 280 303; x_wconf 83' lang='grc' dir='ltr'><em>λόγον</em></span> <span class='ocrx_word' id='word_1_21' title='bbox 305 248 430 304; x_wconf 81' lang='grc' dir='ltr'><strong><em>ἐχέτω</em></strong></span> <span class='ocrx_word' id='word_1_22' title='bbox 457 249 708 304; x_wconf 86' lang='grc' dir='ltr'><em>δεδομένον·</em></span> <span class='ocrx_word' id='word_1_23' title='bbox 740 251 862 305; x_wconf 89' lang='grc' dir='ltr'><em>λέγω,</em></span> <span class='ocrx_word' id='word_1_24' title='bbox 887 252 952 293; x_wconf 83' lang='grc' dir='ltr'><em>ὅτι</em></span> <span class='ocrx_word' id='word_1_25' title='bbox 975 250 1047 293; x_wconf 83' lang='grc' dir='ltr'><em>καὶ</em></span> <span class='ocrx_word' id='word_1_26' title='bbox 1066 252 1113 292; x_wconf 94' lang='grc' dir='ltr'><em>τὸ</em></span> <span class='ocrx_word' id='word_1_27' title='bbox 1133 254 1458 310; x_wconf 77' lang='grc' dir='ltr'><em>συναμφότερον</em></span> <span class='ocrx_word' id='word_1_28' title='bbox 1518 271 1520 305; x_wconf 40' lang='grc' dir='ltr'><em>ξ</em></span> 
     </span>
    </p>

    <p class='ocr_par' dir='ltr' id='par_1_5' title="bbox 146 319 1363 375">
     <span class='ocr_line' id='line_1_5' title="bbox 146 319 1363 375; baseline 0.002 -15"><span class='ocrx_word' id='word_1_29' title='bbox 146 321 195 361; x_wconf 80' lang='grc' dir='ltr'><em>τὸ</em></span> <span class='ocrx_word' id='word_1_30' title='bbox 227 323 269 361; x_wconf 90' lang='lat' dir='ltr'><em>A</em></span> <span class='ocrx_word' id='word_1_31' title='bbox 278 321 319 361; x_wconf 93' lang='grc' dir='ltr'>Γ</span> <span class='ocrx_word' id='word_1_32' title='bbox 341 319 449 374; x_wconf 77' lang='grc' dir='ltr'><em>πρὸς</em></span> <span class='ocrx_word' id='word_1_33' title='bbox 478 319 526 360; x_wconf 92' lang='grc' dir='ltr'><em>τὸ</em></span> <span class='ocrx_word' id='word_1_34' title='bbox 558 319 662 361; x_wconf 87' lang='grc' dir='ltr'><em>αὐτὸ</em></span> <span class='ocrx_word' id='word_1_35' title='bbox 693 320 741 361; x_wconf 85' lang='grc' dir='ltr'><em>τὸ</em></span> <span class='ocrx_word' id='word_1_36' title='bbox 772 324 815 361; x_wconf 97' lang='lat' dir='ltr'><em>A</em></span> <span class='ocrx_word' id='word_1_37' title='bbox 845 322 974 373; x_wconf 89' lang='grc' dir='ltr'><em>λόγον</em></span> <span class='ocrx_word' id='word_1_38' title='bbox 1005 322 1089 374; x_wconf 84' lang='grc' dir='ltr'><em>ἔχει</em></span> <span class='ocrx_word' id='word_1_39' title='bbox 1120 320 1363 375; x_wconf 81' lang='grc' dir='ltr'><em>δεδομένον.</em></span> 
     </span>
    </p>

    <p class='ocr_par' dir='ltr' id='par_1_6' title="bbox 95 384 1484 651">
     <span class='ocr_line' id='line_1_6' title="bbox 235 384 1477 444; baseline 0.004 -15"><span class='ocrx_word' id='word_1_40' title='bbox 235 387 325 430; x_wconf 86' lang='grc' dir='ltr'><em>ἐπεὶ</em></span> <span class='ocrx_word' id='word_1_41' title='bbox 355 389 436 443; x_wconf 76' lang='grc' dir='ltr'><em>γὰρ</em></span> <span class='ocrx_word' id='word_1_42' title='bbox 469 387 670 443; x_wconf 77' lang='grc' dir='ltr'><em>ἑκάτερον</em></span> <span class='ocrx_word' id='word_1_43' title='bbox 699 397 786 430; x_wconf 82' lang='grc' dir='ltr'><em>τῶν</em></span> <span class='ocrx_word' id='word_1_44' title='bbox 816 392 915 443; x_wconf 91' lang='grc' dir='ltr'><em>ΑΒ,</em></span> <span class='ocrx_word' id='word_1_45' title='bbox 941 392 1028 431; x_wconf 93' lang='grc' dir='ltr'><em>ΒΓ</em></span> <span class='ocrx_word' id='word_1_46' title='bbox 1051 390 1158 444; x_wconf 79' lang='grc' dir='ltr'><em>πρὸς</em></span> <span class='ocrx_word' id='word_1_47' title='bbox 1187 390 1235 431; x_wconf 91' lang='grc' dir='ltr'><em>τὸ</em></span> <span class='ocrx_word' id='word_1_48' title='bbox 1260 394 1302 432; x_wconf 93' lang='grc' dir='ltr'><em>Δ</em></span> <span class='ocrx_word' id='word_1_49' title='bbox 1332 384 1477 444; x_wconf 52' lang='grc' dir='ltr'><em>λόγον-ζ</em></span> 
     </span>
     <span class='ocr_line' id='line_1_7' title="bbox 95 457 1474 514; baseline 0.003 -16"><span class='ocrx_word' id='word_1_50' title='bbox 95 469 121 499; x_wconf 79' lang='lat'>5</span> <span class='ocrx_word' id='word_1_51' title='bbox 148 459 231 511; x_wconf 76' lang='grc' dir='ltr'><em>ἔχει</em></span> <span class='ocrx_word' id='word_1_52' title='bbox 263 457 516 512; x_wconf 77' lang='grc' dir='ltr'><em>δεδομένον,</em></span> <span class='ocrx_word' id='word_1_53' title='bbox 558 459 686 510; x_wconf 89' lang='grc' dir='ltr'><em>λόγος</em></span> <span class='ocrx_word' id='word_1_54' title='bbox 721 459 803 512; x_wconf 77' lang='grc' dir='ltr'><em>ἄρα</em></span> <span class='ocrx_word' id='word_1_55' title='bbox 838 457 910 500; x_wconf 80' lang='grc' dir='ltr'><em>καὶ</em></span> <span class='ocrx_word' id='word_1_56' title='bbox 939 464 1017 500; x_wconf 89' lang='grc' dir='ltr'><em>τοῦ</em></span> <span class='ocrx_word' id='word_1_57' title='bbox 1048 461 1133 500; x_wconf 92' lang='grc' dir='ltr'><em>ΑΒ</em></span> <span class='ocrx_word' id='word_1_58' title='bbox 1166 459 1275 514; x_wconf 75' lang='grc' dir='ltr'><em>πρὸς</em></span> <span class='ocrx_word' id='word_1_59' title='bbox 1303 460 1350 501; x_wconf 88' lang='grc' dir='ltr'><em>τὸ</em></span> <span class='ocrx_word' id='word_1_60' title='bbox 1379 461 1474 503; x_wconf 78' lang='grc' dir='ltr'><em>ΒΓ.</em></span> 
     </span>
     <span class='ocr_line' id='line_1_8' title="bbox 148 526 1484 583; baseline 0.004 -15"><span class='ocrx_word' id='word_1_61' title='bbox 148 528 314 576; x_wconf 81' lang='grc' dir='ltr'><em>δοθείς·</em></span> <span class='ocrx_word' id='word_1_62' title='bbox 344 526 417 568; x_wconf 82' lang='grc' dir='ltr'><em>καὶ</em></span> <span class='ocrx_word' id='word_1_63' title='bbox 447 527 656 568; x_wconf 84' lang='grc' dir='ltr'><em>συνθέντι</em></span> <span class='ocrx_word' id='word_1_64' title='bbox 686 533 764 568; x_wconf 88' lang='grc' dir='ltr'><em>τοῦ</em></span> <span class='ocrx_word' id='word_1_65' title='bbox 789 531 830 569; x_wconf 91' lang='lat' dir='ltr'><em>A</em></span> <span class='ocrx_word' id='word_1_66' title='bbox 839 530 880 569; x_wconf 93' lang='grc' dir='ltr'><em>Γ</em></span> <span class='ocrx_word' id='word_1_67' title='bbox 902 529 1010 583; x_wconf 82' lang='grc' dir='ltr'><em>πρὸς</em></span> <span class='ocrx_word' id='word_1_68' title='bbox 1039 529 1087 569; x_wconf 87' lang='grc' dir='ltr'><em>τὸ</em></span> <span class='ocrx_word' id='word_1_69' title='bbox 1111 530 1200 570; x_wconf 93' lang='grc' dir='ltr'><em>ΒΓ</em></span> <span class='ocrx_word' id='word_1_70' title='bbox 1223 530 1350 581; x_wconf 80' lang='grc' dir='ltr'><em>λόγος</em></span> <span class='ocrx_word' id='word_1_71' title='bbox 1373 528 1484 574; x_wconf 58' lang='lat'><em>§62:255</em></span> 
     </span>
     <span class='ocr_line' id='line_1_9' title="bbox 142 588 1479 651; baseline 0.003 -14"><span class='ocrx_word' id='word_1_72' title='bbox 142 597 307 646; x_wconf 64' lang='lat' dir='ltr'><em>dofla‘g,</em></span> <span class='ocrx_word' id='word_1_73' title='bbox 367 602 444 638; x_wconf 88' lang='grc' dir='ltr'><em>τοῦ</em></span> <span class='ocrx_word' id='word_1_74' title='bbox 482 594 529 638; x_wconf 76' lang='grc' dir='ltr'><em>δὲ</em></span> <span class='ocrx_word' id='word_1_75' title='bbox 566 598 653 637; x_wconf 92' lang='grc' dir='ltr'><em>ΒΓ</em></span> <span class='ocrx_word' id='word_1_76' title='bbox 681 588 789 651; x_wconf 55' lang='grc' dir='ltr'><em>πῷὸς</em></span> <span class='ocrx_word' id='word_1_77' title='bbox 818 600 860 638; x_wconf 93' lang='grc' dir='ltr'><em>Δ</em></span> <span class='ocrx_word' id='word_1_78' title='bbox 896 599 1023 650; x_wconf 87' lang='grc' dir='ltr'><em>λόγος</em></span> <span class='ocrx_word' id='word_1_79' title='bbox 1058 596 1147 638; x_wconf 84' lang='grc' dir='ltr'><em>ἐστὶ</em></span> <span class='ocrx_word' id='word_1_80' title='bbox 1183 598 1349 647; x_wconf 81' lang='grc' dir='ltr'><em>δοθείς·</em></span> <span class='ocrx_word' id='word_1_81' title='bbox 1389 597 1479 642; x_wconf 76' lang='grc' dir='ltr'><em>καὶ</em></span> 
     </span>
    </p>

    <p class='ocr_par' dir='ltr' id='par_1_7' title="bbox 146 659 1520 720">
     <span class='ocr_line' id='line_1_10' title="bbox 146 659 1520 720; baseline 0.001 -14"><span class='ocrx_word' id='word_1_82' title='bbox 146 671 224 707; x_wconf 77' lang='grc' dir='ltr'><em>τοῦ</em></span> <span class='ocrx_word' id='word_1_83' title='bbox 255 667 347 707; x_wconf 90' lang='grc' dir='ltr'><em>ΑΓ</em></span> <span class='ocrx_word' id='word_1_84' title='bbox 371 667 454 720; x_wconf 78' lang='grc' dir='ltr'><em>ἄρα</em></span> <span class='ocrx_word' id='word_1_85' title='bbox 483 666 592 720; x_wconf 80' lang='grc' dir='ltr'><em>πρὸς</em></span> <span class='ocrx_word' id='word_1_86' title='bbox 620 667 668 707; x_wconf 95' lang='grc' dir='ltr'><em>τὸ</em></span> <span class='ocrx_word' id='word_1_87' title='bbox 699 669 742 707; x_wconf 94' lang='lat' dir='ltr'><em>A</em></span> <span class='ocrx_word' id='word_1_88' title='bbox 772 667 898 719; x_wconf 80' lang='grc' dir='ltr'><em>λόγος</em></span> <span class='ocrx_word' id='word_1_89' title='bbox 928 665 1016 708; x_wconf 84' lang='grc' dir='ltr'><em>ἐστὶ</em></span> <span class='ocrx_word' id='word_1_90' title='bbox 1048 667 1208 716; x_wconf 84' lang='grc' dir='ltr'><em>δοθείς.</em></span> <span class='ocrx_word' id='word_1_91' title='bbox 1474 660 1485 687; x_wconf 54' lang='lat' dir='ltr'>s</span> <span class='ocrx_word' id='word_1_92' title='bbox 1516 659 1520 663; x_wconf 38' lang='lat'>⁸</span> 
     </span>
    </p>
   </div>
   <div class='ocr_carea' id='block_1_2' title="bbox 66 807 1520 1971">
    <p class='ocr_par' dir='ltr' id='par_1_8' title="bbox 66 807 1520 1971">
     <span class='ocr_line' id='line_1_11' title="bbox 765 807 871 845; baseline 0 -12"><span class='ocrx_word' id='word_1_93' title='bbox 765 807 818 845; x_wconf 81' lang='grc' dir='ltr'><em>κγ</em></span> <span class='ocrx_word' id='word_1_94' title='bbox 838 825 846 833; x_wconf 96' lang='grc'><em>.</em></span> <span class='ocrx_word' id='word_1_95' title='bbox 869 820 871 822; x_wconf 96' lang='grc'>-</span> 
     </span>
     <span class='ocr_line' id='line_1_12' title="bbox 72 867 1515 932; baseline 0.001 -16"><span class='ocrx_word' id='word_1_96' title='bbox 72 885 120 916; x_wconf 85' lang='grc' dir='ltr'><em>ιο</em></span> <span class='ocrx_word' id='word_1_97' title='bbox 231 871 330 914; x_wconf 80' lang='grc' dir='ltr'><em>Ἐὰν</em></span> <span class='ocrx_word' id='word_1_98' title='bbox 355 873 458 915; x_wconf 81' lang='grc' dir='ltr'><em>ὅλον</em></span> <span class='ocrx_word' id='word_1_99' title='bbox 488 875 596 929; x_wconf 78' lang='grc' dir='ltr'><em>πρὸς</em></span> <span class='ocrx_word' id='word_1_100' title='bbox 627 874 729 915; x_wconf 85' lang='grc' dir='ltr'><em>ὅλον</em></span> <span class='ocrx_word' id='word_1_101' title='bbox 759 875 890 927; x_wconf 89' lang='grc' dir='ltr'><em>λόγον</em></span> <span class='ocrx_word' id='word_1_102' title='bbox 921 876 993 929; x_wconf 81' lang='grc' dir='ltr'><em>ἔχῃ</em></span> <span class='ocrx_word' id='word_1_103' title='bbox 1025 873 1277 929; x_wconf 81' lang='grc' dir='ltr'><em>δεδομένον,</em></span> <span class='ocrx_word' id='word_1_104' title='bbox 1311 877 1384 931; x_wconf 82' lang='grc' dir='ltr'><em>ἔχῃ</em></span> <span class='ocrx_word' id='word_1_105' title='bbox 1413 873 1460 918; x_wconf 70' lang='grc' dir='ltr'><em>δὲ</em></span> <span class='ocrx_word' id='word_1_106' title='bbox 1478 867 1515 932; x_wconf 46' lang='lat'><em>{⁴4</em></span> 
     </span>
     <span class='ocr_line' id='line_1_13' title="bbox 144 933 1482 999; baseline 0.002 -15"><span class='ocrx_word' id='word_1_107' title='bbox 144 942 216 984; x_wconf 82' lang='grc' dir='ltr'><em>καὶ</em></span> <span class='ocrx_word' id='word_1_108' title='bbox 246 943 298 984; x_wconf 82' lang='grc' dir='ltr'><em>τὰ</em></span> <span class='ocrx_word' id='word_1_109' title='bbox 322 942 428 998; x_wconf 77' lang='grc' dir='ltr'><em>μέρη</em></span> <span class='ocrx_word' id='word_1_110' title='bbox 459 944 566 998; x_wconf 75' lang='grc' dir='ltr'><em>πρὸς</em></span> <span class='ocrx_word' id='word_1_111' title='bbox 589 944 642 985; x_wconf 79' lang='grc' dir='ltr'><em>τὰ</em></span> <span class='ocrx_word' id='word_1_112' title='bbox 665 943 770 999; x_wconf 79' lang='grc' dir='ltr'><em>μέρη</em></span> <span class='ocrx_word' id='word_1_113' title='bbox 800 946 955 997; x_wconf 81' lang='grc' dir='ltr'><em>λόγους</em></span> <span class='ocrx_word' id='word_1_114' title='bbox 979 943 1250 998; x_wconf 79' lang='grc' dir='ltr'><em>δεδομένους,</em></span> <span class='ocrx_word' id='word_1_115' title='bbox 1280 946 1337 999; x_wconf 85' lang='grc' dir='ltr'><em>μὴ</em></span> <span class='ocrx_word' id='word_1_116' title='bbox 1361 946 1461 996; x_wconf 83' lang='grc' dir='ltr'><em>τοὺς</em></span> <span class='ocrx_word' id='word_1_117' title='bbox 1474 933 1482 941; x_wconf 37' lang='grc'><strong>”</strong></span> 
     </span>
     <span class='ocr_line' id='line_1_14' title="bbox 143 1011 1490 1068; baseline 0.001 -14"><span class='ocrx_word' id='word_1_118' title='bbox 143 1012 304 1062; x_wconf 85' lang='grc' dir='ltr'><em>αὐτοὺς</em></span> <span class='ocrx_word' id='word_1_119' title='bbox 341 1011 407 1066; x_wconf 90' lang='grc' dir='ltr'><em>δέ,</em></span> <span class='ocrx_word' id='word_1_120' title='bbox 450 1011 522 1054; x_wconf 80' lang='grc' dir='ltr'><em>καὶ</em></span> <span class='ocrx_word' id='word_1_121' title='bbox 557 1013 696 1054; x_wconf 76' lang='grc' dir='ltr'><em>πάντα</em></span> <span class='ocrx_word' id='word_1_122' title='bbox 731 1014 838 1068; x_wconf 79' lang='grc' dir='ltr'><em>πρὸς</em></span> <span class='ocrx_word' id='word_1_123' title='bbox 867 1013 1006 1055; x_wconf 78' lang='grc' dir='ltr'><em>πάντα</em></span> <span class='ocrx_word' id='word_1_124' title='bbox 1042 1015 1199 1066; x_wconf 84' lang='grc' dir='ltr'><em>λόγους</em></span> <span class='ocrx_word' id='word_1_125' title='bbox 1227 1012 1308 1064; x_wconf 78' lang='grc' dir='ltr'><em>ἕξει</em></span> <span class='ocrx_word' id='word_1_126' title='bbox 1340 1015 1459 1056; x_wconf 82' lang='grc' dir='ltr'><em>δεδο-</em></span> <span class='ocrx_word' id='word_1_127' title='bbox 1487 1038 1490 1039; x_wconf 36' lang='lat'><em>⁷</em></span> 
     </span>
     <span class='ocr_line' id='line_1_15' title="bbox 143 1082 1486 1137; baseline 0.002 -13"><span class='ocrx_word' id='word_1_128' title='bbox 143 1082 312 1137; x_wconf 87' lang='grc' dir='ltr'><em>μένους.</em></span> <span class='ocrx_word' id='word_1_129' title='bbox 1483 1126 1486 1127; x_wconf 19' lang='lat'><em>⁷</em></span> 
     </span>
     <span class='ocr_line' id='line_1_16' title="bbox 232 1124 1494 1207; baseline 0.002 -14"><span class='ocrx_word' id='word_1_130' title='bbox 232 1151 358 1206; x_wconf 81' lang='grc' dir='ltr'><em>ἐχέτω</em></span> <span class='ocrx_word' id='word_1_131' title='bbox 395 1152 478 1207; x_wconf 77' lang='grc' dir='ltr'><em>γὰρ</em></span> <span class='ocrx_word' id='word_1_132' title='bbox 516 1152 619 1194; x_wconf 82' lang='grc' dir='ltr'><em>ὅλον</em></span> <span class='ocrx_word' id='word_1_133' title='bbox 654 1153 702 1193; x_wconf 86' lang='grc' dir='ltr'><em>τὸ</em></span> <span class='ocrx_word' id='word_1_134' title='bbox 734 1155 818 1193; x_wconf 91' lang='lat' dir='ltr'><em>AB</em></span> <span class='ocrx_word' id='word_1_135' title='bbox 854 1124 962 1207; x_wconf 77' lang='grc' dir='ltr'><em>πρὸς</em></span> <span class='ocrx_word' id='word_1_136' title='bbox 998 1152 1101 1194; x_wconf 83' lang='grc' dir='ltr'><em>ὅλον</em></span> <span class='ocrx_word' id='word_1_137' title='bbox 1135 1154 1183 1195; x_wconf 90' lang='grc' dir='ltr'><em>τὸ</em></span> <span class='ocrx_word' id='word_1_138' title='bbox 1216 1154 1294 1194; x_wconf 92' lang='grc' dir='ltr'><em>ΓΔ</em></span> <span class='ocrx_word' id='word_1_139' title='bbox 1330 1147 1460 1207; x_wconf 79' lang='grc' dir='ltr'><em>λόγον</em></span> <span class='ocrx_word' id='word_1_140' title='bbox 1487 1188 1494 1205; x_wconf 43' lang='lat' dir='ltr'><em>s</em></span> 
     </span>
     <span class='ocr_line' id='line_1_17' title="bbox 71 1216 1499 1277; baseline 0.001 -14"><span class='ocrx_word' id='word_1_141' title='bbox 71 1228 118 1263; x_wconf 76' lang='lat'><em>&#39;15</em></span> <span class='ocrx_word' id='word_1_142' title='bbox 145 1220 397 1276; x_wconf 79' lang='grc' dir='ltr'><em>δεδομένον,</em></span> <span class='ocrx_word' id='word_1_143' title='bbox 441 1220 567 1275; x_wconf 82' lang='grc' dir='ltr'><em>ἐχέτω</em></span> <span class='ocrx_word' id='word_1_144' title='bbox 605 1219 653 1262; x_wconf 89' lang='grc' dir='ltr'><em>δε</em></span> <span class='ocrx_word' id='word_1_145' title='bbox 688 1220 760 1263; x_wconf 83' lang='grc' dir='ltr'><em>καὶ</em></span> <span class='ocrx_word' id='word_1_146' title='bbox 795 1222 847 1262; x_wconf 78' lang='grc' dir='ltr'><em>τὰ</em></span> <span class='ocrx_word' id='word_1_147' title='bbox 877 1224 981 1276; x_wconf 92' lang='grc' dir='ltr'><em>ΑΕ,</em></span> <span class='ocrx_word' id='word_1_148' title='bbox 1005 1224 1087 1263; x_wconf 90' lang='grc' dir='ltr'><em>ΕΒ</em></span> <span class='ocrx_word' id='word_1_149' title='bbox 1125 1221 1231 1277; x_wconf 83' lang='grc' dir='ltr'><em>μέρη</em></span> <span class='ocrx_word' id='word_1_150' title='bbox 1267 1223 1375 1277; x_wconf 80' lang='grc' dir='ltr'><em>πρὸς</em></span> <span class='ocrx_word' id='word_1_151' title='bbox 1409 1222 1460 1264; x_wconf 73' lang='grc' dir='ltr'><strong><em>τὰ</em></strong></span> <span class='ocrx_word' id='word_1_152' title='bbox 1489 1216 1499 1221; x_wconf 34' lang='lat'><em>⁷*</em></span> 
     </span>
     <span class='ocr_line' id='line_1_18' title="bbox 146 1289 1461 1346; baseline 0.001 -14"><span class='ocrx_word' id='word_1_153' title='bbox 146 1293 238 1345; x_wconf 91' lang='grc' dir='ltr'><em>ΓΖ,</em></span> <span class='ocrx_word' id='word_1_154' title='bbox 266 1294 351 1332; x_wconf 89' lang='grc' dir='ltr'><em>ΖΔ</em></span> <span class='ocrx_word' id='word_1_155' title='bbox 380 1289 486 1346; x_wconf 83' lang='grc' dir='ltr'><em>μέρη</em></span> <span class='ocrx_word' id='word_1_156' title='bbox 518 1293 674 1344; x_wconf 88' lang='grc' dir='ltr'><em>λόγους</em></span> <span class='ocrx_word' id='word_1_157' title='bbox 703 1289 976 1345; x_wconf 83' lang='grc' dir='ltr'><em>δεδομένους,</em></span> <span class='ocrx_word' id='word_1_158' title='bbox 1005 1292 1062 1345; x_wconf 88' lang='grc' dir='ltr'><em>μὴ</em></span> <span class='ocrx_word' id='word_1_159' title='bbox 1087 1293 1188 1341; x_wconf 89' lang='grc' dir='ltr'><em>τοὺς</em></span> <span class='ocrx_word' id='word_1_160' title='bbox 1213 1291 1372 1341; x_wconf 83' lang='grc' dir='ltr'><em>αὐτοὺς</em></span> <span class='ocrx_word' id='word_1_161' title='bbox 1396 1290 1461 1333; x_wconf 87' lang='grc' dir='ltr'><em>δέ·</em></span> 
     </span>
     <span class='ocr_line' id='line_1_19' title="bbox 144 1359 1462 1415; baseline 0 -13"><span class='ocrx_word' id='word_1_162' title='bbox 144 1360 273 1414; x_wconf 85' lang='grc' dir='ltr'><em>λέγω,</em></span> <span class='ocrx_word' id='word_1_163' title='bbox 316 1360 382 1402; x_wconf 84' lang='grc' dir='ltr'><em>ὅτι</em></span> <span class='ocrx_word' id='word_1_164' title='bbox 424 1359 496 1401; x_wconf 85' lang='grc' dir='ltr'><em>καὶ</em></span> <span class='ocrx_word' id='word_1_165' title='bbox 531 1360 672 1402; x_wconf 77' lang='grc' dir='ltr'><em>πάντα</em></span> <span class='ocrx_word' id='word_1_166' title='bbox 707 1360 815 1415; x_wconf 79' lang='grc' dir='ltr'><em>πρὸς</em></span> <span class='ocrx_word' id='word_1_167' title='bbox 850 1361 988 1401; x_wconf 79' lang='grc' dir='ltr'><em>πάντα</em></span> <span class='ocrx_word' id='word_1_168' title='bbox 1024 1362 1180 1414; x_wconf 89' lang='grc' dir='ltr'><em>λόγους</em></span> <span class='ocrx_word' id='word_1_169' title='bbox 1222 1359 1303 1411; x_wconf 73' lang='grc' dir='ltr'><em>ἕξει</em></span> <span class='ocrx_word' id='word_1_170' title='bbox 1340 1361 1462 1402; x_wconf 87' lang='grc' dir='ltr'><em>δεδο-</em></span> 
     </span>
     <span class='ocr_line' id='line_1_20' title="bbox 143 1429 312 1485; baseline 0 -13"><span class='ocrx_word' id='word_1_171' title='bbox 143 1429 312 1485; x_wconf 88' lang='grc' dir='ltr'><em>μένους.</em></span> 
     </span>
     <span class='ocr_line' id='line_1_21' title="bbox 232 1463 1460 1555; baseline 0.001 -14"><span class='ocrx_word' id='word_1_172' title='bbox 232 1498 321 1541; x_wconf 85' lang='grc' dir='ltr'><em>έπεὶ</em></span> <span class='ocrx_word' id='word_1_173' title='bbox 358 1500 439 1555; x_wconf 79' lang='grc' dir='ltr'><em>γὰρ</em></span> <span class='ocrx_word' id='word_1_174' title='bbox 470 1501 607 1553; x_wconf 90' lang='grc' dir='ltr'><em>λόγος</em></span> <span class='ocrx_word' id='word_1_175' title='bbox 628 1498 715 1541; x_wconf 83' lang='grc' dir='ltr'><em>ἐστὶ</em></span> <span class='ocrx_word' id='word_1_176' title='bbox 749 1505 827 1540; x_wconf 88' lang='grc' dir='ltr'><em>τοῦ</em></span> <span class='ocrx_word' id='word_1_177' title='bbox 858 1502 947 1540; x_wconf 89' lang='grc' dir='ltr'><em>ΛΕ</em></span> <span class='ocrx_word' id='word_1_178' title='bbox 979 1499 1087 1554; x_wconf 76' lang='grc' dir='ltr'><em>πρὸς</em></span> <span class='ocrx_word' id='word_1_179' title='bbox 1118 1501 1197 1541; x_wconf 91' lang='grc' dir='ltr'><em>ΓΖ</em></span> <span class='ocrx_word' id='word_1_180' title='bbox 1234 1463 1400 1553; x_wconf 81' lang='grc' dir='ltr'><em>δοθείς,</em></span> <span class='ocrx_word' id='word_1_181' title='bbox 1435 1498 1460 1542; x_wconf 84' lang='grc' dir='ltr'><strong>ὁ</strong></span> 
     </span>
     <span class='ocr_line' id='line_1_22' title="bbox 67 1562 1505 1626; baseline 0 -15"><span class='ocrx_word' id='word_1_182' title='bbox 67 1579 118 1610; x_wconf 67' lang='grc'><em>20</em></span> <span class='ocrx_word' id='word_1_183' title='bbox 145 1569 274 1619; x_wconf 85' lang='grc' dir='ltr'><em>αὐτὸς</em></span> <span class='ocrx_word' id='word_1_184' title='bbox 304 1569 420 1626; x_wconf 80' lang='grc' dir='ltr'><em>αὐτῷ</em></span> <span class='ocrx_word' id='word_1_185' title='bbox 446 1567 655 1622; x_wconf 86' lang='grc' dir='ltr'><em>γεγονέτω</em></span> <span class='ocrx_word' id='word_1_186' title='bbox 687 1568 709 1610; x_wconf 88' lang='grc' dir='ltr'>ὁ</span> <span class='ocrx_word' id='word_1_187' title='bbox 741 1574 818 1610; x_wconf 88' lang='grc' dir='ltr'><em>τοῦ</em></span> <span class='ocrx_word' id='word_1_188' title='bbox 842 1571 927 1610; x_wconf 89' lang='grc' dir='ltr'><em>ΑΒ</em></span> <span class='ocrx_word' id='word_1_189' title='bbox 957 1569 1065 1623; x_wconf 77' lang='grc' dir='ltr'><em>πρὸς</em></span> <span class='ocrx_word' id='word_1_190' title='bbox 1090 1570 1198 1610; x_wconf 90' lang='grc' dir='ltr'><em>ΓΗ·</em></span> <span class='ocrx_word' id='word_1_191' title='bbox 1228 1571 1355 1622; x_wconf 90' lang='grc' dir='ltr'><em>λόγος</em></span> <span class='ocrx_word' id='word_1_192' title='bbox 1377 1570 1461 1624; x_wconf 76' lang='grc' dir='ltr'><em>ἄρα</em></span> <span class='ocrx_word' id='word_1_193' title='bbox 1504 1562 1505 1565; x_wconf 30' lang='grc'><strong>“</strong></span> 
     </span>
     <span class='ocr_line' id='line_1_23' title="bbox 81 1637 1461 1693; baseline -0.001 -13"><span class='ocrx_word' id='word_1_194' title='bbox 81 1640 84 1643; x_wconf 79' lang='grc'>’</span> <span class='ocrx_word' id='word_1_195' title='bbox 143 1637 215 1680; x_wconf 84' lang='grc' dir='ltr'><em>καὶ</em></span> <span class='ocrx_word' id='word_1_196' title='bbox 244 1643 322 1680; x_wconf 88' lang='grc' dir='ltr'><em>τοῦ</em></span> <span class='ocrx_word' id='word_1_197' title='bbox 353 1641 439 1680; x_wconf 89' lang='grc' dir='ltr'><em>ΑΒ</em></span> <span class='ocrx_word' id='word_1_198' title='bbox 472 1639 580 1693; x_wconf 79' lang='grc' dir='ltr'><em>πρὸς</em></span> <span class='ocrx_word' id='word_1_199' title='bbox 612 1639 704 1679; x_wconf 86' lang='grc' dir='ltr'><em>ΓΗ</em></span> <span class='ocrx_word' id='word_1_200' title='bbox 731 1638 891 1687; x_wconf 82' lang='grc' dir='ltr'><em>δοθείς.</em></span> <span class='ocrx_word' id='word_1_201' title='bbox 951 1639 1068 1680; x_wconf 82' lang='grc' dir='ltr'><em>ἔσται</em></span> <span class='ocrx_word' id='word_1_202' title='bbox 1098 1637 1168 1679; x_wconf 86' lang='grc' dir='ltr'><em>καὶ</em></span> <span class='ocrx_word' id='word_1_203' title='bbox 1187 1641 1353 1680; x_wconf 81' lang='grc' dir='ltr'><em>’λοιποῦ</em></span> <span class='ocrx_word' id='word_1_204' title='bbox 1383 1643 1461 1680; x_wconf 90' lang='grc' dir='ltr'><em>τοῦ</em></span> 
     </span>
     <span class='ocr_line' id='line_1_24' title="bbox 143 1705 1459 1763; baseline -0.001 -13"><span class='ocrx_word' id='word_1_205' title='bbox 143 1711 224 1750; x_wconf 90' lang='grc' dir='ltr'><em>ΕΒ</em></span> <span class='ocrx_word' id='word_1_206' title='bbox 261 1709 370 1763; x_wconf 79' lang='grc' dir='ltr'><em>πρὸς</em></span> <span class='ocrx_word' id='word_1_207' title='bbox 405 1708 558 1750; x_wconf 85' lang='grc' dir='ltr'><em>λοιπὸν</em></span> <span class='ocrx_word' id='word_1_208' title='bbox 594 1708 641 1749; x_wconf 93' lang='grc' dir='ltr'><em>τὸ</em></span> <span class='ocrx_word' id='word_1_209' title='bbox 675 1710 769 1748; x_wconf 91' lang='grc' dir='ltr'><em>ΖΗ</em></span> <span class='ocrx_word' id='word_1_210' title='bbox 806 1709 932 1760; x_wconf 88' lang='grc' dir='ltr'><em>λόγος</em></span> <span class='ocrx_word' id='word_1_211' title='bbox 967 1707 1127 1757; x_wconf 84' lang='grc' dir='ltr'><em>δοθείς.</em></span> <span class='ocrx_word' id='word_1_212' title='bbox 1187 1714 1264 1749; x_wconf 91' lang='grc' dir='ltr'><em>τοῦ</em></span> <span class='ocrx_word' id='word_1_213' title='bbox 1301 1705 1348 1749; x_wconf 78' lang='grc' dir='ltr'><em>δὲ</em></span> <span class='ocrx_word' id='word_1_214' title='bbox 1377 1709 1459 1749; x_wconf 88' lang='grc' dir='ltr'><em>ΕΒ</em></span> 
     </span>
     <span class='ocr_line' id='line_1_25' title="bbox 141 1775 1455 1832; baseline -0.001 -13"><span class='ocrx_word' id='word_1_215' title='bbox 141 1778 250 1832; x_wconf 76' lang='grc' dir='ltr'><em>πρὸς</em></span> <span class='ocrx_word' id='word_1_216' title='bbox 273 1778 321 1819; x_wconf 91' lang='grc' dir='ltr'><em>τὸ</em></span> <span class='ocrx_word' id='word_1_217' title='bbox 346 1780 425 1818; x_wconf 94' lang='lat' dir='ltr'><em>ZA</em></span> <span class='ocrx_word' id='word_1_218' title='bbox 455 1778 581 1830; x_wconf 85' lang='grc' dir='ltr'><em>λόγος</em></span> <span class='ocrx_word' id='word_1_219' title='bbox 612 1775 699 1818; x_wconf 83' lang='grc' dir='ltr'><em>ἐστὶ</em></span> <span class='ocrx_word' id='word_1_220' title='bbox 730 1777 895 1826; x_wconf 80' lang='grc' dir='ltr'><em>δοθείς·</em></span> <span class='ocrx_word' id='word_1_221' title='bbox 926 1775 997 1818; x_wconf 86' lang='grc' dir='ltr'><em>καὶ</em></span> <span class='ocrx_word' id='word_1_222' title='bbox 1026 1782 1104 1818; x_wconf 90' lang='grc' dir='ltr'><em>τοῦ</em></span> <span class='ocrx_word' id='word_1_223' title='bbox 1132 1779 1211 1818; x_wconf 93' lang='lat' dir='ltr'><em>ZA</em></span> <span class='ocrx_word' id='word_1_224' title='bbox 1240 1778 1324 1831; x_wconf 75' lang='grc' dir='ltr'><em>ἄρα</em></span> <span class='ocrx_word' id='word_1_225' title='bbox 1347 1777 1455 1832; x_wconf 75' lang='grc' dir='ltr'><em>πρὸς</em></span> 
     </span>
     <span class='ocr_line' id='line_1_26' title="bbox 145 1844 1520 1900; baseline -0.001 -11"><span class='ocrx_word' id='word_1_226' title='bbox 145 1850 240 1889; x_wconf 89' lang='grc' dir='ltr'><em>ΖΗ</em></span> <span class='ocrx_word' id='word_1_227' title='bbox 276 1849 403 1900; x_wconf 90' lang='grc' dir='ltr'><em>λόγος</em></span> <span class='ocrx_word' id='word_1_228' title='bbox 445 1845 534 1888; x_wconf 77' lang='grc' dir='ltr'><em>ἐστὶ</em></span> <span class='ocrx_word' id='word_1_229' title='bbox 575 1846 740 1895; x_wconf 82' lang='grc' dir='ltr'><em>δοθείς·</em></span> <span class='ocrx_word' id='word_1_230' title='bbox 788 1844 860 1887; x_wconf 83' lang='grc' dir='ltr'><em>καὶ</em></span> <span class='ocrx_word' id='word_1_231' title='bbox 901 1844 1218 1899; x_wconf 77' lang='grc' dir='ltr'><em>ἀναστρέψαντι</em></span> <span class='ocrx_word' id='word_1_232' title='bbox 1261 1851 1338 1887; x_wconf 91' lang='grc' dir='ltr'><em>τοῦ</em></span> <span class='ocrx_word' id='word_1_233' title='bbox 1376 1848 1461 1887; x_wconf 91' lang='grc' dir='ltr'><em>ΖΔ</em></span> <span class='ocrx_word' id='word_1_234' title='bbox 1517 1867 1520 1875; x_wconf 89' lang='grc'><strong><em>·</em></strong></span> 
     </span>
     <span class='ocr_line' id='line_1_27' title="bbox 66 1904 1459 1971; baseline 0 -15"><span class='ocrx_word' id='word_1_235' title='bbox 66 1924 116 1956; x_wconf 78' lang='lat'><em>25</em></span> <span class='ocrx_word' id='word_1_236' title='bbox 143 1918 251 1971; x_wconf 76' lang='grc' dir='ltr'><em>πρὸς</em></span> <span class='ocrx_word' id='word_1_237' title='bbox 279 1904 382 1958; x_wconf 65' lang='grc' dir='ltr'><em>ΔΗ</em></span> <span class='ocrx_word' id='word_1_238' title='bbox 406 1917 533 1968; x_wconf 90' lang='grc' dir='ltr'><em>λόγος</em></span> <span class='ocrx_word' id='word_1_239' title='bbox 558 1914 645 1957; x_wconf 81' lang='grc' dir='ltr'><em>ἐστὶ</em></span> <span class='ocrx_word' id='word_1_240' title='bbox 676 1916 835 1964; x_wconf 83' lang='grc' dir='ltr'><em>δοθείς.</em></span> <span class='ocrx_word' id='word_1_241' title='bbox 890 1913 961 1956; x_wconf 82' lang='grc' dir='ltr'><em>καὶ</em></span> <span class='ocrx_word' id='word_1_242' title='bbox 993 1913 1081 1956; x_wconf 81' lang='grc' dir='ltr'><em>ἐπεὶ</em></span> <span class='ocrx_word' id='word_1_243' title='bbox 1112 1916 1239 1968; x_wconf 89' lang='grc' dir='ltr'><em>λόγος</em></span> <span class='ocrx_word' id='word_1_244' title='bbox 1269 1913 1358 1956; x_wconf 79' lang='grc' dir='ltr'><em>ἐστὶ</em></span> <span class='ocrx_word' id='word_1_245' title='bbox 1381 1918 1459 1956; x_wconf 86' lang='grc' dir='ltr'><em>τοῦ</em></span> 
     </span>
    </p>
   </div>
   <div class='ocr_carea' id='block_1_3' title="bbox 144 1998 364 2004">
    <p class='ocr_par' dir='ltr' id='par_1_9' title="bbox 144 1998 364 2004">
     <span class='ocr_line' id='line_1_28' title="bbox 144 1998 364 2004; baseline 0 0"><span class='ocrx_word' id='word_1_246' title='bbox 144 1998 364 2004; x_wconf 95' lang='lat' dir='ltr'><em> </em></span> 
     </span>
    </p>
   </div>
   <div class='ocr_carea' id='block_1_4' title="bbox 123 2038 1459 2313">
    <p class='ocr_par' dir='ltr' id='par_1_10' title="bbox 236 2038 1458 2132">
     <span class='ocr_line' id='line_1_29' title="bbox 236 2038 1458 2132; baseline -0.001 -57"><span class='ocrx_word' id='word_1_247' title='bbox 236 2044 267 2075; x_wconf 81' lang='grc'><em>2.</em></span> <span class='ocrx_word' id='word_1_248' title='bbox 289 2039 410 2086; x_wconf 81' lang='grc' dir='ltr'><em>ἐχέτω]</em></span> <span class='ocrx_word' id='word_1_249' title='bbox 432 2040 548 2086; x_wconf 65' lang='grc' dir='ltr'><em>ἔχειὸ.</em></span> <span class='ocrx_word' id='word_1_250' title='bbox 619 2039 675 2086; x_wconf 89' lang='grc' dir='ltr'><em>τό]</em></span> <span class='ocrx_word' id='word_1_251' title='bbox 696 2050 764 2074; x_wconf 92' lang='lat' dir='ltr'><em>om.</em></span> <span class='ocrx_word' id='word_1_252' title='bbox 779 2050 811 2074; x_wconf 85' lang='lat' dir='ltr'><em>a.</em></span> <span class='ocrx_word' id='word_1_253' title='bbox 884 2038 1162 2095; x_wconf 80' lang='grc' dir='ltr'><em>συμφότερονΡ.</em></span> <span class='ocrx_word' id='word_1_254' title='bbox 1234 2043 1265 2075; x_wconf 89' lang='grc'><em>3.</em></span> <span class='ocrx_word' id='word_1_255' title='bbox 1282 2039 1458 2132; x_wconf 47' lang='grc' dir='ltr'><em>τόαθήὴὶ</em></span> 
     </span>
    </p>

    <p class='ocr_par' dir='ltr' id='par_1_11' title="bbox 141 2083 1436 2132">
     <span class='ocr_line' id='line_1_30' title="bbox 141 2083 1436 2132; baseline -0.002 -10"><span class='ocrx_word' id='word_1_256' title='bbox 141 2099 212 2122; x_wconf 88' lang='lat' dir='ltr'><em>om.</em></span> <span class='ocrx_word' id='word_1_257' title='bbox 238 2086 398 2121; x_wconf 79' lang='lat' dir='ltr'><strong>PVat.v</strong></span> <span class='ocrx_word' id='word_1_258' title='bbox 499 2091 531 2122; x_wconf 87' lang='lat'>4</span> <span class='ocrx_word' id='word_1_259' title='bbox 558 2085 705 2122; x_wconf 78' lang='grc' dir='ltr'><em>ἐπεί-</em></span> <span class='ocrx_word' id='word_1_260' title='bbox 731 2090 762 2121; x_wconf 83' lang='grc' dir='ltr'><em>ὅ.</em></span> <span class='ocrx_word' id='word_1_261' title='bbox 788 2083 1002 2131; x_wconf 82' lang='grc' dir='ltr'><em>δεδομένον]</em></span> <span class='ocrx_word' id='word_1_262' title='bbox 1029 2096 1097 2119; x_wconf 91' lang='lat' dir='ltr'><em>om.</em></span> <span class='ocrx_word' id='word_1_263' title='bbox 1124 2096 1156 2120; x_wconf 84' lang='lat' dir='ltr'><em>a.</em></span> <span class='ocrx_word' id='word_1_264' title='bbox 1257 2090 1278 2121; x_wconf 88' lang='grc'><strong>6</strong></span> <span class='ocrx_word' id='word_1_265' title='bbox 1314 2086 1393 2132; x_wconf 84' lang='grc' dir='ltr'><em>του]</em></span> <span class='ocrx_word' id='word_1_266' title='bbox 1417 2098 1436 2119; x_wconf 83' lang='grc' dir='ltr'><em>τ</em></span> 
     </span>
    </p>

    <p class='ocr_par' dir='ltr' id='par_1_12' title="bbox 123 2130 1457 2214">
     <span class='ocr_line' id='line_1_31' title="bbox 123 2130 1457 2214; baseline -0.001 -46"><span class='ocrx_word' id='word_1_267' title='bbox 123 2134 227 2168; x_wconf 66' lang='lat' dir='ltr'><em>‘Vat</em></span> <span class='ocrx_word' id='word_1_268' title='bbox 330 2136 359 2167; x_wconf 82' lang='lat'><em>7.</em></span> <span class='ocrx_word' id='word_1_269' title='bbox 384 2138 448 2168; x_wconf 86' lang='grc' dir='ltr'><em>τοῦ</em></span> <span class='ocrx_word' id='word_1_270' title='bbox 474 2132 515 2168; x_wconf 81' lang='grc' dir='ltr'><em>δέ</em></span> <span class='ocrx_word' id='word_1_271' title='bbox 542 2153 582 2159; x_wconf 94' lang='grc'>-</span> <span class='ocrx_word' id='word_1_272' title='bbox 609 2130 751 2214; x_wconf 50' lang='lat' dir='ltr'><em>suasis}</em></span> <span class='ocrx_word' id='word_1_273' title='bbox 777 2142 845 2166; x_wconf 92' lang='lat' dir='ltr'><em>om.</em></span> <span class='ocrx_word' id='word_1_274' title='bbox 873 2143 904 2166; x_wconf 88' lang='lat' dir='ltr'><em>a.</em></span> <span class='ocrx_word' id='word_1_275' title='bbox 999 2131 1039 2166; x_wconf 86' lang='grc' dir='ltr'><em>τὸ</em></span> <span class='ocrx_word' id='word_1_276' title='bbox 1065 2136 1097 2166; x_wconf 89' lang='grc' dir='ltr'><em>Δ</em></span> <span class='ocrx_word' id='word_1_277' title='bbox 1121 2143 1154 2166; x_wconf 85' lang='lat' dir='ltr'><em>v.</em></span> <span class='ocrx_word' id='word_1_278' title='bbox 1256 2136 1308 2166; x_wconf 94' lang='grc'><em>10.</em></span> <span class='ocrx_word' id='word_1_279' title='bbox 1335 2131 1457 2178; x_wconf 84' lang='grc' dir='ltr'><em>λόγον]</em></span> 
     </span>
    </p>

    <p class='ocr_par' dir='ltr' id='par_1_13' title="bbox 139 2145 1459 2225">
     <span class='ocr_line' id='line_1_32' title="bbox 139 2145 1459 2225; baseline -0.002 -11"><span class='ocrx_word' id='word_1_280' title='bbox 139 2190 253 2225; x_wconf 78' lang='lat' dir='ltr'><strong>supra</strong></span> <span class='ocrx_word' id='word_1_281' title='bbox 278 2179 361 2214; x_wconf 87' lang='lat' dir='ltr'>add.</span> <span class='ocrx_word' id='word_1_282' title='bbox 387 2191 433 2214; x_wconf 91' lang='lat' dir='ltr'><em>m.</em></span> <span class='ocrx_word' id='word_1_283' title='bbox 455 2184 474 2214; x_wconf 83' lang='lat'>2</span> <span class='ocrx_word' id='word_1_284' title='bbox 500 2191 532 2214; x_wconf 84' lang='lat' dir='ltr'>v</span> <span class='ocrx_word' id='word_1_285' title='bbox 607 2183 647 2214; x_wconf 88' lang='lat'><em>11</em></span> <span class='ocrx_word' id='word_1_286' title='bbox 685 2179 763 2224; x_wconf 81' lang='grc' dir='ltr'><em>κα]</em></span> <span class='ocrx_word' id='word_1_287' title='bbox 789 2187 897 2223; x_wconf 79' lang='lat' dir='ltr'>supra</span> <span class='ocrx_word' id='word_1_288' title='bbox 923 2177 1006 2212; x_wconf 80' lang='lat' dir='ltr'><strong>add.</strong></span> <span class='ocrx_word' id='word_1_289' title='bbox 1032 2189 1078 2212; x_wconf 89' lang='lat' dir='ltr'>m</span> <span class='ocrx_word' id='word_1_290' title='bbox 1099 2182 1119 2212; x_wconf 80' lang='lat'><strong>2</strong></span> <span class='ocrx_word' id='word_1_291' title='bbox 1145 2189 1184 2221; x_wconf 70' lang='grc' dir='ltr'><em>νς</em></span> <span class='ocrx_word' id='word_1_292' title='bbox 1209 2177 1300 2213; x_wconf 77' lang='lat' dir='ltr'><strong>item</strong></span> <span class='ocrx_word' id='word_1_293' title='bbox 1322 2145 1397 2213; x_wconf 83' lang='lat' dir='ltr'>lin.</span> <span class='ocrx_word' id='word_1_294' title='bbox 1403 2180 1459 2213; x_wconf 78' lang='lat'><em>15.</em></span> 
     </span>
    </p>

    <p class='ocr_par' dir='ltr' id='par_1_14' title="bbox 141 2221 1457 2308">
     <span class='ocr_line' id='line_1_33' title="bbox 190 2221 1457 2271; baseline -0.002 -10"><span class='ocrx_word' id='word_1_295' title='bbox 190 2230 244 2261; x_wconf 85' lang='lat'><em>14.</em></span> <span class='ocrx_word' id='word_1_296' title='bbox 269 2225 430 2271; x_wconf 70' lang='grc' dir='ltr'><em>τό(α]ῒ,.)]</em></span> <span class='ocrx_word' id='word_1_297' title='bbox 457 2237 525 2260; x_wconf 89' lang='lat' dir='ltr'><em>om.</em></span> <span class='ocrx_word' id='word_1_298' title='bbox 553 2236 584 2260; x_wconf 85' lang='lat' dir='ltr'><em>a.</em></span> <span class='ocrx_word' id='word_1_299' title='bbox 688 2229 741 2265; x_wconf 83' lang='grc'><em>16.</em></span> <span class='ocrx_word' id='word_1_300' title='bbox 769 2224 850 2270; x_wconf 93' lang='grc' dir='ltr'><em>ΓΖ]</em></span> <span class='ocrx_word' id='word_1_301' title='bbox 876 2234 964 2259; x_wconf 83' lang='lat' dir='ltr'><strong>corr.</strong></span> <span class='ocrx_word' id='word_1_302' title='bbox 991 2234 1034 2258; x_wconf 83' lang='lat' dir='ltr'><em>ex</em></span> <span class='ocrx_word' id='word_1_303' title='bbox 1061 2226 1124 2259; x_wconf 91' lang='grc' dir='ltr'><em>ΓΔ</em></span> <span class='ocrx_word' id='word_1_304' title='bbox 1148 2235 1194 2259; x_wconf 89' lang='lat' dir='ltr'><strong>m</strong></span> <span class='ocrx_word' id='word_1_305' title='bbox 1223 2229 1240 2258; x_wconf 90' lang='lat'>1</span> <span class='ocrx_word' id='word_1_306' title='bbox 1267 2236 1300 2259; x_wconf 82' lang='lat' dir='ltr'><em>v.</em></span> <span class='ocrx_word' id='word_1_307' title='bbox 1400 2221 1457 2270; x_wconf 78' lang='grc' dir='ltr'><em>δέ]</em></span> 
     </span>
     <span class='ocr_line' id='line_1_34' title="bbox 141 2270 1346 2313; baseline -0.003 -6"><span class='ocrx_word' id='word_1_308' title='bbox 141 2284 212 2308; x_wconf 87' lang='lat' dir='ltr'><em>om.</em></span> <span class='ocrx_word' id='word_1_309' title='bbox 239 2283 271 2308; x_wconf 86' lang='lat' dir='ltr'><em>a.</em></span> <span class='ocrx_word' id='word_1_310' title='bbox 387 2276 439 2306; x_wconf 88' lang='grc'><em>19.</em></span> <span class='ocrx_word' id='word_1_311' title='bbox 466 2272 505 2307; x_wconf 87' lang='grc' dir='ltr'><em>τὸ</em></span> <span class='ocrx_word' id='word_1_312' title='bbox 534 2274 599 2306; x_wconf 91' lang='grc' dir='ltr'><em>ΓΖ</em></span> <span class='ocrx_word' id='word_1_313' title='bbox 624 2282 655 2306; x_wconf 80' lang='lat' dir='ltr'><em>a.</em></span> <span class='ocrx_word' id='word_1_314' title='bbox 775 2274 829 2305; x_wconf 86' lang='grc'><em>20.</em></span> <span class='ocrx_word' id='word_1_315' title='bbox 855 2270 894 2305; x_wconf 86' lang='grc' dir='ltr'><em>τὸ</em></span> <span class='ocrx_word' id='word_1_316' title='bbox 923 2273 998 2305; x_wconf 89' lang='grc' dir='ltr'><em>ΓΗ</em></span> <span class='ocrx_word' id='word_1_317' title='bbox 1020 2281 1056 2313; x_wconf 74' lang='grc' dir='ltr'><em>εις</em></span> <span class='ocrx_word' id='word_1_318' title='bbox 1089 2270 1179 2305; x_wconf 78' lang='lat' dir='ltr'>item</span> <span class='ocrx_word' id='word_1_319' title='bbox 1203 2270 1265 2305; x_wconf 76' lang='lat' dir='ltr'>lin.</span> <span class='ocrx_word' id='word_1_320' title='bbox 1291 2274 1346 2305; x_wconf 81' lang='lat'><em>21.</em></span> 
     </span>
    </p>
   </div>
  </div>
 </body>
</html>
