1520 2508
111 802 153 832 10

109 1148 151 1178 15

107 1494 150 1524 20

183 79 238 120 62
713 81 978 114 ΔΕΔΟΜΕΝΑ.

183 176 268 214 ΑΔ
293 172 542 227 δεδομένον,
574 174 647 214 διὰ
672 171 719 214 δὲ
745 179 822 214 τοῦ
847 176 888 214 Ε
909 179 960 228 τῇ
979 175 1069 215 ΒΓ
1085 174 1358 229 παράλληλος
1381 175 1499 229 ἤχθω

182 241 208 295 ἡ
243 244 338 283 ΖΚ.
399 241 523 295 λέγω,
555 243 620 283 ὅτι
651 241 773 284 θέσει
804 241 922 284 ἐστὶν
951 242 977 296 ἡ
1011 245 1106 284 ΖΚ.

269 312 392 365 ἤχθω
423 313 505 366 γὰρ
537 311 620 353 ἀπὸ
652 317 730 352 τοῦ
761 315 803 352 Α
834 311 902 353 ἐπὶ
932 313 1011 366 τὴν
1042 314 1130 353 ΒΓ
1154 312 1337 362 κάθετος
1365 312 1392 367 ἡ
1416 315 1500 357 ΑΟ

180 379 251 421 καὶ
295 381 465 434 διήχθω
503 379 571 421 ἐπὶ
608 381 655 422 τὸ
686 383 743 421 H.
805 379 894 422 ἐπεὶ
932 380 1014 422 ἀπὸ
1053 381 1289 435 δεδομένου
1328 383 1498 436 σημείου

181 455 258 491 τοῦ
289 454 331 491 Α
368 448 436 491 ε’πὶ
479 449 600 492 θέσει
637 449 875 503 δεδομένην
911 450 1091 491 εὐθεῖαν
1126 451 1205 504 τὴν
1236 452 1326 491 ΒΓ
1355 451 1499 493 εὐθεῖα

100 548 105 551 -
180 520 352 573 γραμμὴ
389 515 514 572 ἦκται
549 518 575 572 ἡ
607 522 695 560 ΑΘ
732 517 969 573 δεδομένην
1004 525 1191 560 ποιοῦσα
1227 521 1390 572 γωνίαν
1424 521 1498 575 τὴν

178 588 264 629 ὑπὸ
296 590 445 642 ΑΘΓ,
488 588 610 630 θέσει
647 589 730 643 ἄρα
773 586 890 629 ἐστὶν
926 587 951 640 ἡ
993 591 1131 629 ΘΑΗ.
1192 587 1313 629 θέσει
1350 586 1397 630 δὲ
1430 587 1497 632 καὶ

178 658 205 711 ἡ
241 660 346 698 ΒΓ·
396 655 532 699 δοθὲν
568 659 652 711 ἄρα
689 656 778 699 ἐστὶ
813 658 861 698 τὸ
896 660 933 698 Θ
969 665 1158 711 σημεῖον.
1225 659 1313 699 ἔστι
1350 655 1396 699 δὲ
1429 653 1496 700 καὶ

178 727 226 768 τὸ
247 730 288 767 Α
312 726 466 768 δοθέν·
498 727 680 768 δοθεῖσα
711 728 794 781 ἄρα
825 725 943 768 ἐστὶν
968 726 993 780 ἡ
1019 730 1117 767 ΑΘ.
1166 725 1238 768 καὶ
1264 725 1353 768 ἐπεὶ
1377 729 1497 780 λόγος

179 795 269 838 ἐστὶ
300 803 375 850 τῆς
398 800 483 837 ΔΑ
513 797 621 849 πρὸς
650 797 730 850 τὴν
755 799 845 837 ΑΕ
873 796 1034 849 δοθείς,
1067 796 1124 844 ὡς
1155 793 1202 837 δὲ
1231 796 1257 849 ἡ
1281 799 1366 837 ΔΛ
1395 797 1495 851 πρὸς

177 868 256 920 τὴν
287 869 388 919 ΑΕ,
437 866 575 914 οὕτως
605 866 631 919 ἡ
666 868 745 906 ΘΑ
774 866 882 919 πρὸς
912 867 991 919 τὴν
1022 868 1129 919 AH,
1161 867 1288 918 λόγος
1319 866 1401 920 ἄρα
1429 863 1495 910 κύ

177 941 253 990 τῆς
292 939 371 977 ΘΑ
407 936 515 990 πρὸς
551 936 630 989 τὴν
667 937 767 976 ΑΗ
798 935 957 984 δοθείς.
1031 935 1212 976 δοθεῖσα
1255 933 1303 976 δὲ
1339 935 1365 989 ἡ
1405 937 1495 979 ΘΑ’

178 1005 360 1046 δοθεῖσα
391 1006 474 1059 ἄρα
509 1003 581 1045 καὶ
612 1004 638 1058 ἡ
664 1007 705 1045 Α
713 1006 769 1045 Η.
820 1004 927 1045 ἀλλὰ
956 1002 1028 1045 καὶ
1059 1011 1110 1059 τῇ
1135 1003 1268 1046 θέσει.
1315 1005 1392 1046 καί
1411 1003 1502 1047 ἔσει.

178 1071 314 1115 δοθὲν
356 1074 405 1115 τὸ
443 1077 501 1115 Λ·
552 1070 687 1114 δοθὲν
730 1074 814 1127 ἄρα
855 1072 927 1114 καὶ
963 1074 1011 1114 τὸ
1049 1076 1105 1114 Η.
1179 1072 1269 1115 ἐπεὶ
1312 1070 1393 1115 οὗν
1427 1073 1495 1132 διὰ

178 1142 414 1197 δεδομένου
452 1145 630 1197 σημείου
667 1148 744 1184 τοῦ
775 1145 826 1183 Η
856 1143 972 1198 παρὰ
1008 1142 1129 1184 θέσει
1167 1141 1402 1197 δεδομένην
1431 1140 1495 1186 εὐε-

161 1217 306 1263 ,θεῖαν
342 1214 422 1266 τὴν
452 1214 541 1254 ΒΓ
571 1212 722 1254 εὐθεῖα
758 1213 930 1266 γραμμὴ
967 1209 1091 1266 ἦκται
1127 1213 1153 1266 ἡ
1186 1214 1341 1266 ΖΗΚ,
1382 1211 1496 1255 θέσει

177 1283 260 1337 ἄρα
286 1281 403 1324 ἐστὶν
428 1281 454 1335 ἡ
483 1284 630 1323 ΖΗΚ.

804 1344 878 1395 λζ’.

261 1419 360 1461 Ἐὰν
397 1422 457 1469 είς
492 1422 794 1475 παραλλήλους
829 1427 880 1475 τῇ
914 1419 1034 1462 θέσει
1065 1419 1299 1474 δεδομένας
1328 1420 1496 1470 εὐθείας

176 1490 327 1532 εὐθεῖα
358 1491 529 1545 γραμμὴ
561 1489 676 1544 ἀχθῇ
713 1489 785 1530 καὶ
815 1494 960 1544 τμηθῇ
998 1491 1059 1539 εἰς
1090 1488 1324 1544 δεδομένον
1355 1491 1494 1542 λόγον,

176 1560 249 1600 διὰ
275 1557 323 1601 δὲ
346 1566 421 1613 τῆς
445 1565 578 1614 τομῆς
604 1560 720 1615 παρὰ
745 1559 821 1607 τὰς
845 1565 895 1614 τῇ
920 1558 1042 1600 θέσει
1067 1558 1300 1613 δεδομένας
1324 1558 1493 1608 εὐθείας

175 1628 327 1670 εὐθεῖα
356 1630 529 1683 γραμμὴ
561 1628 696 1683 ἀχθῇ,
728 1627 900 1670 δέδοται
932 1628 957 1682 ἡ
989 1627 1171 1682 ἀχθεῖσα
1202 1634 1253 1683 τῇ
1285 1626 1416 1669 θέσει.

262 1699 323 1747 εἰς
358 1698 440 1752 γὰρ
476 1699 780 1753 παραλλήλους
815 1704 866 1752 τῇ
902 1696 1024 1739 θέσει
1061 1696 1295 1751 δεδομένας
1325 1697 1494 1746 εὐθείας

174 1768 249 1817 τὰς
273 1771 315 1808 Α
322 1770 372 1820 Β,
394 1769 435 1809 Γ
430 1771 473 1809 Δ
497 1767 648 1809 εὐθεῖα
672 1768 844 1823 γραμμὴ
869 1768 992 1821 ἤχθω
1018 1766 1044 1820 ἡ
1070 1770 1153 1808 ΕΖ
1177 1766 1248 1808 καὶ
1273 1767 1493 1821 τετμήσθω

104 1842 123 1871 ‘2
174 1838 236 1886 εἰς
267 1835 502 1891 δεδομένον
533 1838 664 1889 λόγον
693 1837 771 1877 τὸν
800 1841 876 1889 τῆς
908 1838 1002 1876 ΖΗ
1031 1837 1140 1891 πρὸς
1169 1836 1249 1889 τὴν
1279 1837 1386 1888 ΗΕ,
1422 1831 1492 1876 καὶ

174 1907 343 1960 διήχθω
375 1907 448 1947 διὰ
479 1911 557 1947 τοῦ
584 1908 636 1946 Η
661 1904 844 1961 ὁποτέρᾳ
874 1912 961 1946 τῶν
992 1907 1090 1958 ΑΒ,
1117 1907 1196 1946 ΓΛ
1225 1904 1493 1958 παράλληλος

174 1976 199 2029 ἡ
233 1977 330 2016 ΘΚ.
391 1974 516 2028 λέγω,
548 1975 613 2016 ὅτι
644 1974 765 2016 θέσει
797 1973 914 2016 ἐστὶν
944 1974 970 2027 ἡ
1005 1976 1101 2016 ΘΚ.

268 2081 297 2110 1.
324 2077 402 2122 ΑΔ]
428 2078 496 2111 AE
521 2088 553 2111 a.
635 2081 663 2111 7.
691 2076 762 2119 ἄρα
789 2076 884 2111 ἐστὶν
908 2076 930 2121 ἡ
959 2076 1132 2122 ΘΑΗ]ἡ
1158 2079 1234 2110 ΑΗ
1256 2087 1287 2110 a.
1366 2077 1396 2109 8.
1425 2073 1493 2108 ἔστι

174 2143 214 2148 -
240 2126 270 2157 9
291 2123 377 2179 ΑΘ]
404 2134 472 2157 om.
500 2134 532 2157 a.
613 2126 643 2157 9.
669 2123 755 2168 ΑΘ]
781 2126 844 2157 ΑΔ
868 2123 952 2156 Vat.
1112 2123 1200 2157 Post
1230 2125 1264 2156 H
1286 2121 1369 2156 add.
1394 2117 1501 2179 παρὰ

173 2167 373 2213 δεδομένου
400 2167 524 2214 σημείο
506 2183 549 2203 ου
573 2175 637 2204 τοῦ
665 2172 703 2203 H
726 2180 757 2203 a.
864 2172 917 2203 17.
947 2170 1079 2214 ZHK]
1109 2172 1183 2203 ZH
1206 2180 1237 2203 a.
1346 2170 1398 2202 18.
1423 2167 1462 2208 λζ
1463 2165 1501 2212 ’1

172 2215 230 2260 λη’
257 2217 290 2261 β.
411 2219 465 2250 25.
493 2214 570 2261 καί]
597 2227 665 2250 om
692 2215 788 2258 Vah,
820 2214 886 2249 ins.
913 2227 958 2249 m.
987 2219 1017 2249 2
1137 2219 1191 2250 26.
1220 2215 1275 2259 Η]
1303 2213 1384 2258 Ηὴ
1409 2212 1500 2248 Vat.

219 2261 461 2307 παράλληλος]
488 2273 602 2306 comp.
630 2261 726 2306 vat„
752 2260 955 2306 παράλληλ-
981 2261 1018 2295 in
1043 2273 1113 2296 ras.
1139 2273 1185 2295 m.
1212 2265 1232 2295 2
1258 2272 1290 2296 v.
