1520 2508
145 71 207 106 XL
628 71 990 106 PROLEGOMENA.

146 165 274 199 contra
296 176 332 208 p.
355 166 431 208 178,
453 167 495 199 16
521 163 670 198 δέδοται
694 173 760 208 pro
786 163 942 198 δοθεῖσά
961 163 1075 204 ἐστιν,
1106 176 1142 209 p.
1161 166 1216 208 48,
1237 167 1257 198 9
1283 165 1382 210 δοθῇ
1400 176 1467 210 pro

146 215 263 251 δοθὲν
287 213 311 262 ᾗ
349 217 386 250 et
422 215 539 250 δοθὲν
565 214 665 250 ἔσται
694 226 760 260 pro
791 215 1008 260 δοθήσεται,
1045 228 1080 261 p.
1103 218 1180 260 180,
1206 220 1227 250 3
1259 215 1376 251 δοθέν
1399 228 1466 267 pro

146 267 346 314 δεδομένον
366 268 442 313 (cfr.
462 281 497 313 p.
520 270 596 311 180,
619 269 685 313 19).
723 268 769 302 de
792 280 826 313 p.
849 271 925 312 126,
948 272 1006 312 16,
1035 270 1111 312 128,
1134 270 1187 312 18,
1212 268 1277 303 ubi
1294 279 1466 304 numerus

145 321 299 366 pluralis
323 332 388 366 pro
409 319 587 365 singulari
604 321 690 365 post
713 319 877 355 neutrius
902 318 1046 365 generis
1073 319 1238 354 subiecta
1263 319 1302 354 in
1320 321 1344 355 b
1372 320 1467 365 legi-
1513 325 1517 345 ’ἱ

147 375 225 418 tur,
252 374 450 408 admodum
475 372 620 416 dubito,
645 372 756 416 idque
780 373 929 417 propter
951 383 986 416 p.
1008 373 1084 414 146,
1105 375 1125 404 2
1151 368 1344 416 ἐχέτωσαν,
1369 372 1468 415 quod
1515 373 1519 407 Γ

147 424 225 459 sine
265 424 377 460 dubio
420 424 571 459 librario
609 424 771 459 debetur.
843 436 877 468 p.
911 427 947 467 2,
981 425 1000 456 9
1038 422 1162 457 Theon
1197 433 1262 468 pro
1300 422 1467 468 λέγονται

146 477 325 522 praetulit
355 475 496 522 λέγεται
531 476 747 522 respiciens,
783 476 855 510 nisi
890 474 1015 518 fallor,
1059 474 1108 508 ad
1142 473 1206 510 lin.
1235 478 1275 518 2,
1312 475 1377 509 sed
1412 474 1467 510 ibi

147 528 334 563 antecedit
364 527 556 574 δεδομένα.
615 541 649 573 p.
677 532 761 573 208,
788 532 830 562 12
862 529 940 562 ι”σον
965 537 1030 571 pro
1057 527 1116 560 ἴσα
1141 525 1312 561 librarius
1337 537 1466 572 pecca—

145 579 202 614 uit
214 581 248 626 ¹).
297 580 358 616 hic
389 592 454 616 eae
486 586 630 625 q'uoque
661 579 963 615 commutationes
988 578 1127 612 ordinis
1151 579 1345 613 uerborum
1369 589 1468 613 com-

145 633 404 668 memorandae
449 634 548 677 sunt,
599 643 690 676 quas
732 631 911 667 leuissimi
961 630 1137 665 momenti
1179 641 1258 665 esse
1301 631 1466 676 adparet.

146 696 181 729 p.
209 688 292 729 210,
319 689 337 719 1
370 684 443 729 ἄρα
472 684 701 729 transposuit
730 684 871 726 Theon,
907 685 1007 719 idem
1036 684 1192 718 fortasse
1222 696 1257 729 p.
1278 687 1315 728 6,
1342 688 1362 719 8
1388 683 1466 729 (cfr.

145 748 181 781 p.
198 740 274 780 112,
290 738 335 782 3),
361 738 489 771 contra
506 749 541 782 p.
558 740 635 780 108,
651 741 687 780 2,
711 739 789 780 204,
804 740 893 771 8-9
913 736 1095 771 librarius.
1132 749 1166 781 p.
1181 739 1256 780 182,
1273 739 1332 780 18,
1353 740 1430 779 214,
1444 739 1467 770 4

147 788 274 823 Theon
304 790 362 833 ἴση
395 786 492 823 ἐστίν
522 800 587 834 pro
620 786 716 824 ἐστιν
748 790 804 833 ἴση
841 788 1034 824 substituit
1064 789 1140 833 (cfr.
1165 801 1200 833 p.
1221 792 1306 833 230,
1332 790 1384 834 7),
1421 787 1466 822 de

145 853 181 886 p.
204 844 281 885 164,
303 844 346 875 16
370 842 520 886 propter
542 841 626 875 Vat.
652 840 772 875 minus
798 842 917 876 certus
943 853 1039 885 sum,
1064 853 1098 886 p.
1121 844 1198 885 132,
1218 844 1238 875 5
1264 838 1361 876 ἐστιν
1387 842 1466 875 ἴσον

144 904 210 939 pro
231 894 309 928 ἴσον
324 891 420 928 ἐστίν
439 893 586 938 scripsit
602 893 784 928 librarius.
812 894 888 928 alia
907 892 1074 938 exempla
1092 893 1192 927 illius
1211 892 1355 938 generis
1369 903 1467 927 com-

146 945 393 980 mutationum
411 945 575 980 inuenies
594 958 629 991 p.
644 949 676 991 8,
689 950 728 990 4,
749 950 802 987 36,
819 949 878 989 123
899 950 954 990 50,
969 950 1007 989 6,
1028 949 1104 989 100,
1119 949 1158 989 8,
1183 949 1261 989 218,
1277 949 1314 988 6,
1341 948 1418 988 220,
1433 948 1465 978 4.

240 997 366 1032 Theon
396 997 511 1042 igitur
540 999 582 1032 ut
612 998 776 1033 Euclidis
807 998 921 1032 uerba
955 1008 1064 1042 saepe
1095 996 1274 1041 uariauit,
1310 997 1366 1031 ita
1393 1007 1468 1031 non

149 1060 232 1084 raro
264 1060 412 1094 operam
442 1049 562 1094 dedit,
598 1051 640 1084 ut
670 1050 747 1084 eius
779 1050 981 1084 orationem
1014 1049 1191 1084 mutando
1228 1049 1276 1083 ad
1312 1049 1467 1084 eandem

147 1112 314 1136 normam
339 1103 376 1137 et
400 1101 566 1148 regulam
591 1102 774 1147 dirigeret.
825 1103 865 1137 at
893 1113 939 1137 ne
970 1101 1010 1136 in
1033 1101 1103 1136 hac
1128 1100 1277 1145 quidem
1299 1111 1339 1135 re
1362 1101 1468 1145 patet

149 1164 232 1188 eum
269 1153 340 1188 sibi
385 1154 474 1188 satis
512 1155 752 1200 congruenter
787 1154 1117 1198 conuenienterque
1151 1154 1339 1188 uersatum
1376 1162 1467 1187 esse.

146 1205 255 1251 plura
279 1206 447 1250 exempla
471 1205 502 1240 si
528 1205 723 1250 desideres,
747 1217 820 1240 non
846 1207 902 1241 est
925 1206 1024 1250 quod
1048 1205 1156 1250 longe
1181 1215 1347 1249 quaeras.

240 1257 336 1293 Nam
362 1269 444 1292 cum
467 1257 625 1303 protasis
657 1259 694 1292 et
718 1258 874 1293 ecthesis
906 1258 1004 1303 apud
1029 1257 1218 1292 Euclidem
1241 1256 1466 1302 plerumque,

149 1311 328 1354 quantum
352 1310 431 1344 fieri
454 1311 594 1355 potest,
626 1310 910 1355 consentiant²),
941 1310 1066 1344 Theon
1096 1309 1156 1344 hic
1180 1308 1274 1352 illic,
1305 1307 1370 1343 ubi
1393 1318 1467 1342 non

145 1361 256 1407 plane
287 1363 508 1407 congruunt,
540 1372 756 1396 consensum
785 1361 963 1406 restituit,
994 1362 1097 1396 velut
1124 1373 1160 1406 p.
1180 1364 1235 1405 30,
1257 1365 1317 1404 13,
1349 1364 1425 1404 142,
1445 1363 1467 1393 6

145 1414 237 1459 πρὸς
255 1414 390 1458 ἄλληλα
410 1413 565 1458 addidit,
590 1427 624 1459 p.
645 1417 722 1459 138,
743 1418 783 1449 11
804 1425 935 1459 pamm
954 1414 1164 1449 constanter
1181 1424 1254 1448 non
1273 1412 1419 1447 addidit
1429 1412 1466 1456 ³).

147 1466 276 1501 eodem
313 1465 466 1500 consilio
496 1478 531 1511 p.
553 1469 607 1510 84,
629 1469 673 1500 14
703 1467 751 1507 ὡς
780 1468 845 1512 μία
875 1466 1131 1511 interpolauit,
1167 1478 1203 1510 p.
1224 1469 1301 1509 174,
1330 1468 1467 1500 17—18

145 1518 239 1563 πρὸς
256 1517 322 1562 τὴν
341 1523 404 1552 τοῦ
424 1517 557 1552 κύκλου
577 1516 816 1563 περιφέρειαν
836 1518 969 1563 omisit,
988 1531 1023 1563 p.
1036 1521 1163 1562 52,21;
1183 1521 1238 1561 82,
1254 1520 1312 1561 14,
1333 1520 1412 1561 174,
1422 1519 1466 1550 22

147 1570 343 1605 uerborum
367 1569 532 1605 ordinem
555 1570 726 1605 mutauit.

245 1692 278 1737 1)
309 1691 414 1725 Hunc
445 1702 601 1731 errorem
633 1693 779 1727 constat
808 1703 852 1727 ex
883 1691 1097 1737 compendio
1128 1702 1257 1737 parum
1288 1692 1386 1726 recte
1413 1690 1468 1725 in-

148 1737 298 1772 tellecto
323 1739 452 1772 natum
471 1749 561 1773 esse.
598 1739 895 1783 compendiorum
914 1738 1083 1773 inscitiae
1103 1738 1215 1772 etiam
1233 1737 1469 1772 tribuendum

150 1786 208 1819 est
232 1795 265 1828 p.
285 1788 339 1829 68,
362 1788 421 1828 18,
449 1788 525 1829 100,
546 1788 565 1819 5
593 1782 747 1830 ἑκατέρα
771 1796 836 1831 pro
862 1782 1004 1829 ἑκάστη,
1029 1797 1064 1830 p.
1085 1788 1140 1828 90,
1160 1788 1180 1818 5
1206 1781 1378 1828 ἑκάτερον
1402 1794 1468 1828 pro

152 1830 316 1875 ἕκαστον,
342 1832 470 1865 contra
493 1843 527 1876 p.
550 1835 627 1874 176,
650 1836 666 1865 1
694 1832 846 1867 ἕκαστον
865 1842 930 1876 pro
951 1828 1133 1875 ἑκάτερον,
1158 1832 1348 1883 praeterea
1370 1830 1469 1874 quod

151 1877 191 1912 in
216 1877 414 1911 Theoninis
445 1877 642 1913 sescenties
671 1880 864 1924 peccatum
889 1879 945 1912 est
969 1877 1007 1912 in
1033 1876 1197 1912 articulis
1222 1876 1469 1920 commutatis,

152 1923 256 1958 uelut
286 1923 324 1957 in
354 1923 578 1968 rectangulis
609 1924 859 1969 significandis
889 1937 923 1969 p.
947 1927 1029 1968 118,
1049 1927 1086 1966 2,
1120 1926 1196 1967 160,
1217 1927 1277 1966 22,
1311 1927 1388 1967 164,
1409 1927 1469 1966 14,

153 1973 231 2013 178,
254 1974 307 2014 14,
329 1974 371 2004 19
386 1970 487 2015 (bis),
515 1974 590 2014 180,
610 1975 642 2015 4,
664 1975 695 2015 7,
715 1975 816 2015 9,11,
838 1975 879 2004 12
895 1971 941 2005 al.
966 1975 1029 2014 τῆς
1052 1980 1117 2014 pro
1136 1975 1226 2013 τῶν,
1259 1982 1293 2015 p.
1317 1973 1393 2013 164,
1415 1972 1468 2012 13,

152 2019 306 2059 15--18;
334 2020 410 2059 168,
431 2020 491 2060 23,
518 2021 600 2060 170,
622 2022 652 2061 2,
675 2022 734 2060 11,
766 2020 844 2061 218,
865 2021 905 2051 21
932 2016 998 2060 τήν
1022 2027 1087 2061 pro
1112 2021 1182 2050 τῶν
1209 2017 1399 2061 scriptum,
1430 2015 1470 2049 in

151 2062 298 2107 angulis
329 2075 362 2107 p.
387 2067 463 2107 114,
484 2067 520 2106 7;
554 2067 630 2107 130,
651 2067 688 2107 33
723 2067 799 2107 156,
820 2068 857 2107 6,
891 2067 967 2107 166,
988 2066 1048 2106 20,
1081 2065 1157 2105 168,
1180 2066 1221 2096 17
1242 2062 1288 2097 al.
1314 2062 1379 2105 τήν
1404 2072 1469 2106 pro

150 2114 234 2152 τῶν,
265 2121 299 2153 p.
322 2112 398 2152 114,
420 2113 475 2153 17,
495 2113 556 2153 203
585 2114 660 2154 118,
681 2110 817 2155 5(bis);
844 2113 920 2154 128,
941 2113 986 2143 24
999 2109 1045 2143 al.
1071 2113 1134 2152 τῆς
1157 2119 1222 2153 pro
1247 2115 1328 2144 τῶν.

247 2160 280 2199 2)
306 2154 387 2189 Non
412 2156 637 2190 concordant
660 2156 699 2191 in
722 2167 848 2201 propp.
870 2160 901 2200 9,
925 2159 979 2199 25,
1000 2159 1055 2197 31,
1076 2158 1131 2198 53,
1158 2158 1212 2199 65,
1239 2157 1387 2198 68-73,
1413 2157 1468 2190 94.

190 2248 213 2282 d
247 2204 282 2246 3)
306 2213 341 2246 p.
364 2205 439 2246 138,
461 2205 511 2236 15'
535 2202 648 2237 uerba
672 2204 763 2248 πρὸς
781 2203 915 2247 ἄλληλα
940 2201 978 2236 in
996 2201 1024 2235 P
1048 2200 1192 2236 librarii
1216 2212 1333 2236 errore
1358 2201 1469 2235 inter-

153 2248 187 2283 ci
215 2251 330 2282 erunt.
