1520 2508
529 71 898 107 PROLEGOMENA.
1250 66 1388 102 XXXV

140 184 175 218 p.
201 173 284 214 200,
312 172 355 203 12
380 165 528 212 ἡμίσεια
554 187 597 193 -
626 169 669 200 13
696 167 805 200 ΒΑΓ
831 164 990 200 fortasse
1020 164 1220 209 propterea
1249 161 1388 207 omisit,

47 225 146 272 quod
168 221 384 270 glossatoris
411 220 710 256 additamentum
738 229 819 254 esse
846 217 1007 262 censuit;
1033 217 1099 253 sed
1123 229 1158 251 u.
1178 229 1213 262 p.
1230 219 1308 260 124,
1331 219 1386 250 14.

139 290 174 324 p.
195 280 273 321 226,
294 280 314 311 6
345 275 490 319 Theon,
521 274 565 308 ut
594 272 717 307 locum
750 272 917 317 sanaret,
947 281 1014 316 pro
1047 271 1207 305 δοθεῖσα
1238 267 1389 314 scripsit

47 329 151 368 θέσει
174 328 387 375 respiciens,
412 326 486 362 nisi
504 325 626 369 fallor,
654 325 703 360 ad
726 338 762 371 p.
785 328 864 370 176,
885 328 905 359 2
933 325 1047 369 atque
1072 320 1225 358 δέδοται
1250 321 1387 358 omisit.

46 383 216 431 equidem
241 381 332 417 satis
357 380 473 416 habui
499 378 650 415 δέδοται
676 378 871 414 delenisse.

138 437 217 472 Iam
241 446 329 471 uero
348 434 477 470 Theon
500 444 575 468 non
598 443 684 468 raro
709 431 749 467 id
769 431 842 467 sibi
862 429 1031 476 sumpsit,
1057 431 1099 465 ut
1118 440 1202 464 cum
1220 428 1389 465 Euclidis

46 503 84 528 se
109 490 314 527 orationem
337 488 489 534 putaret
511 497 621 533 posse
645 485 837 520 meliorem
861 484 1033 527 reddere,
1067 485 1148 518 tum
1183 494 1390 519 sermonem

45 545 124 582 eius
150 543 384 580 contraheret
409 543 522 586 atque
546 539 738 575 incideret.
777 550 822 574 ex
847 537 1092 584 amplioribus
1112 537 1223 572 huius
1242 537 1390 583 generis

44 597 314 635 mutationibus
339 596 407 630 has
434 594 579 630 adfero:

138 664 174 698 p.
196 654 256 695 10,
285 653 398 684 9—11
430 647 555 684 breuis
587 657 666 682 esse
695 645 833 691 uoluit,
867 645 932 681 sed
956 657 992 691 p.
1015 648 1076 689 12,
1103 648 1195 679 3-5
1221 644 1390 679 Euclidis

43 705 160 741 uerba
184 702 358 739 seruauit.

141 757 262 794 eidem
281 755 405 791 studio
423 754 663 790 tribuendum
683 754 750 798 est,
777 753 877 798 quod
895 766 931 799 p.
954 756 1009 798 10,
1032 755 1074 787 15
1095 751 1233 788 ἐπεί-
1251 756 1294 788 16
1316 752 1391 798 ἄρα

48 811 173 847 omisit
195 821 314 855 neque
339 821 374 855 p.
397 812 451 853 18,
472 811 612 842 23-24
637 806 842 852 quidquam
867 806 941 842 nisi
966 805 1156 842 ἀνάπαλιν
1181 805 1347 841 retinuit.

141 862 203 909 e'a,
234 873 329 908 quae
352 874 387 907 p.
410 865 469 904 12,
497 863 611 895 8—16
638 859 830 906 leguntur,
863 859 1035 905 quamuis
1067 859 1107 894 in
1133 870 1156 894 a
1182 859 1391 906 deprauata

27 915 132 962 sint,
157 917 209 961 ut,
235 915 325 961 quid
348 915 477 950 Theon
502 913 701 959 scripserit,
726 925 793 960 pro
820 915 921 949 certo
949 912 1138 948 adfirmari
1162 925 1237 948 non
1259 913 1390 959 possit,

45 971 171 1006 tamen
196 980 279 1005 eum
304 969 462 1015 adparet
484 967 651 1002 Euclidis
677 967 793 1003 uerba
816 967 1006 1013 pressisse.

139 1036 174 1069 p.
196 1027 251 1068 22,
272 1025 386 1057 9-13
411 1033 537 1056 rursus
561 1020 742 1055 breuitati
768 1020 922 1059 studuit,
950 1020 1015 1055 sed
1039 1031 1118 1055 rem
1144 1031 1249 1055 suam
1268 1019 1392 1055 infeli-

47 1076 139 1112 citer
163 1076 297 1124 gessit,
323 1085 549 1120 quamquam
574 1073 753 1118 concedo,
783 1084 830 1108 ne
855 1072 1030 1108 librarios
1056 1071 1205 1117 quidem
1234 1083 1257 1108 a
1281 1073 1394 1118 culpa

46 1128 184 1165 liberos
209 1139 300 1164 esse.
337 1128 496 1163 fortasse
515 1126 706 1161 Theonem
732 1126 898 1171 offendit,
925 1126 1025 1171 quod
1044 1125 1220 1161 Euclides
1245 1128 1394 1171 praeter

48 1181 354 1218 consuetudinem
379 1183 426 1226 (u.
452 1193 487 1226 p.
513 1183 575 1225 26,
602 1183 640 1224 43
674 1183 730 1225 28,
756 1183 796 1224 33
829 1183 885 1224 30,
912 1183 943 1223 2,
971 1182 1033 1223 2ο;
1066 1183 1130 1224 36,
1154 1183 1214 1223 173
1247 1183 1393 1224 38,19;

47 1239 104 1281 40,
126 1238 188 1280 173
215 1238 293 1280 100,
314 1238 352 1278 2;
380 1237 458 1278 104,
481 1235 531 1279 7),
566 1232 783 1279 priusquam
806 1231 1100 1278 propositionem
1119 1236 1139 1267 2
1167 1232 1215 1267 ad
1241 1232 1392 1268 demon-

49 1289 266 1324 strationem
290 1287 487 1332 adhibeat,
512 1286 670 1321 rationis
695 1285 861 1321 membra
886 1285 1052 1320 inuertit.

140 1354 176 1388 p.
198 1345 253 1386 28,
273 1345 364 1376 5-7
389 1339 594 1387 respexisse
620 1339 770 1374 uidetur
794 1339 844 1374 ad
868 1351 903 1385 p.
926 1342 981 1384 20,
1003 1342 1047 1374 20
1073 1341 1121 1384 (u.
1143 1339 1257 1375 etiam
1277 1352 1312 1385 p.
1335 1343 1392 1385 34,

48 1398 196 1439 13—14‚
218 1398 356 1430 19—20
381 1395 419 1429 et
443 1407 478 1440 p.
495 1397 550 1439 26,
570 1396 680 1437 5—63
705 1396 762 1438 42,
781 1394 951 1438 21—22);
976 1392 1255 1438 proportionem
1275 1392 1393 1439 igitur

45 1448 158 1495 paulo
190 1449 277 1483 ante
300 1447 532 1494 propositam
563 1445 691 1482 omisit
722 1447 760 1481 et
790 1445 876 1482 ὅλου
902 1467 946 1472 -
974 1445 1060 1482 ὅλον
1092 1445 1251 1482 addidit.
1303 1458 1392 1482 con-

45 1501 214 1538 ferantur
250 1511 311 1545 ea,
349 1511 445 1545 quae
479 1513 514 1546 p.
539 1502 602 1547 4⁷⁰,
631 1503 770 1535 19-20
803 1501 841 1535 et
864 1512 900 1546 p.
922 1503 978 1545 30,
1005 1504 1115 1546 4—5,
1137 1504 1294 1545 22-23;
1332 1503 1392 1545 36,

49 1558 203 1599 19-20;
230 1557 285 1599 38,
306 1557 444 1588 21—-22
472 1552 662 1588 simillime
688 1563 711 1588 a
735 1552 885 1588 Theone
911 1553 1050 1588 omissa
1076 1555 1173 1588 sunt.

139 1620 174 1653 p.
195 1611 257 1652 46,
285 1611 452 1651 25—48,
480 1610 498 1641 1
531 1617 598 1652 pro
632 1604 785 1646 εὐθείας
811 1605 881 1652 γὰρ
907 1611 1077 1652 γραμμῆς
1100 1605 1147 1641 τὰ
1171 1605 1317 1652 πέρατα
1343 1627 1388 1633 —-

47 1659 229 1706 δεδομένα
257 1658 345 1695 ἔστω
370 1665 414 1706 τῇ
438 1658 546 1695 θέσει
578 1658 775 1695 substituit
803 1660 936 1695 εὐθεῖα
961 1659 1031 1706 γὰρ
1057 1659 1205 1706 γραμμὴ
1234 1659 1322 1695 ἔστω
1348 1657 1393 1703 ἧς

45 1713 92 1750 τὰ
116 1712 258 1758 πέρατα
278 1734 321 1739 -
342 1710 538 1758 δεδομένα,
563 1713 722 1748 fortasse
748 1714 791 1747 ut
814 1712 985 1748 notiones
1010 1714 1135 1748 rectae
1156 1715 1194 1748 et
1211 1712 1392 1748 termino-

45 1778 127 1802 rum
150 1766 271 1812 magis
297 1766 523 1802 efferrentur.

139 1833 174 1866 p.
196 1823 274 1865 106,
295 1823 385 1854 2—3
410 1819 584 1855 Euclides
610 1819 754 1854 Theoni
778 1818 926 1865 longior
950 1819 1052 1854 uisus
1079 1821 1153 1864 θείη
1180 1831 1296 1865 quare
1318 1820 1391 1855 duo

48 1873 213 1909 membra
243 1872 421 1908 orationis
453 1883 585 1919 parum
615 1872 776 1908 feliciter
812 1872 851 1907 in
882 1885 997 1908 unum
1029 1873 1237 1918 coniunxit;
1277 1873 1394 1908 simili

47 1925 244 1971 breuitate,
268 1936 408 1961 memor
427 1925 506 1961 sine
526 1926 640 1962 dubio
665 1938 700 1971 p.
723 1929 801 1971 130,
822 1930 855 1972 2,
881 1938 971 1961 usus
999 1928 1055 1962 est
1078 1939 1114 1971 p.
1137 1930 1216 1972 132,
1238 1931 1390 1972 20—21,

49 1978 81 2013 si
117 1978 266 2024 quidem
301 1979 417 2014 uerba
454 1978 530 2014 ἔστι
562 2000 604 2005 -
635 1980 794 2014 δοθεῖσα
831 1979 871 2014 in
910 1980 1113 2025 archetypo
1146 1991 1212 2015 suo
1244 1980 1389 2016 habuit.

46 2043 82 2078 p.
105 2035 182 2077 108,
204 2035 340 2068 19-20
365 2043 447 2067 cum
471 2033 679 2068 membrum
705 2031 779 2067 ἔστι
805 2053 852 2058 -
876 2034 1035 2068 δοθεῖσα
1059 2033 1269 2069 redundare
1293 2033 1391 2068 iudi-

48 2086 166 2130 caret,
197 2085 313 2120 uerba
335 2085 359 2121 1.
380 2089 423 2120 19
450 2088 516 2121 ΓΑ
541 2107 587 2112 -
614 2089 659 2120 20
683 2091 757 2120 τῶν
788 2085 931 2120 deleuit
962 2087 1000 2121 et
1028 2096 1096 2131 per
1127 2085 1216 2121 ὥστε
1244 2086 1391 2122 conclu-

49 2137 189 2174 sionem
221 2138 414 2183 adnexuit,
452 2139 515 2174 cfr.
541 2152 576 2185 p.
606 2142 688 2184 110,
716 2141 819 2173 4—5.
872 2138 1044 2174 similiter
1074 2151 1109 2184 p.
1139 2143 1222 2185 140,
1252 2144 1391 2175 17-18

0 2222 1 2226 ,
48 2192 192 2228 duobus
223 2192 403 2228 orationis
438 2193 613 2228 membris
652 2192 799 2228 omissis
832 2192 1132 2228 ratiocinationis
1164 2193 1388 2228 breuitatem

0 2257 1 2267 ¹
49 2245 265 2281 adfectauit.

142 2312 176 2345 p.
205 2303 289 2344 150,
316 2303 336 2334 5
373 2299 412 2334 in
448 2311 520 2335 uno
559 2300 762 2345 eodemque
797 2300 962 2336 membro
994 2301 1133 2336 temere
1165 2300 1392 2336 breuitatem

1131 2360 1175 2394 C*
