1520 2508
99 852 141 883 10

95 1198 138 1228 15

93 1574 137 1605 20

1440 6 1463 38 s..
1508 0 1520 34 !

168 114 255 155 274
723 117 942 151 ,SCHOL1A.
1467 87 1503 137 Ψ

168 224 261 250 νων
290 208 398 263 πρὸς
428 208 475 250 ἓν
506 215 593 250 τῶν
625 207 857 263 ἑπομένων,
888 209 1110 252 τουτέστιν
1141 211 1199 260 ὡς
1229 212 1254 265 ἡ
1282 214 1495 269 ΓΔνπρὸρ

170 282 213 319 Δ
221 281 272 331 Β,
304 278 442 326 οὕτως
473 278 641 319 ἅπαντα
673 279 725 319 τὰ
756 277 973 333 ἡγούμενα
996 281 1105 335 πρὸς
1130 281 1297 322 ἅπαντα
1321 283 1373 323 τὰ
1397 281 1493 327 ἑπό-’ρ

169 361 295 400 μενοι,
325 345 351 398 ἡ
383 348 477 387 ΑΓ
499 347 606 402 πρὸς
637 349 732 388 ΕΒ.

258 427 325 468 55.
376 429 513 468 Τοῦτο
551 428 599 469 τὸ
631 429 807 481 σχόλιον
843 435 920 470 τοῦ
953 429 1014 471 ια’
1045 432 1342 485 θεωρήματος,
1384 432 1497 482 ὅπου»

170 497 347 550 σημεῖόν
391 495 480 537 ἐστι
524 497 622 538 τόδε
658 495 715 539 Θ.
789 498 930 553 ὥσπερ
974 498 1153 553 λέγομεν
1188 501 1240 540 τὰ
1275 504 1310 541 θ
1345 508 1430 542 τῶν
1463 501 1499 543 ᾰῖ

168 567 341 618 μείζονα
365 564 391 618 ἢ
418 565 623 607 διπλάσια
648 566 819 620 μονάδι,
851 568 964 609 οὕτω
991 567 1170 622 λέγομεν
1193 567 1266 610 καὶ
1284 570 1332 611 τὸ
1351 571 1496 623 μεῖζον

168 633 194 687 ἢ
226 633 273 675 ἐν
304 636 419 691 λόγῳ
452 633 648 676 δοθέντι·
680 631 776 677 οἷον
806 643 884 678 τοῦ
914 640 1002 679 ΔΒ
1032 638 1141 693 πρὸς
1171 639 1219 679 τὸ
1250 641 1338 679 ΒΓ
1362 640 1496 692 λόγον’

168 705 342 757 ἔχοντος
373 704 628 759 δεδομένον,
667 705 742 747 ἐὰν
771 703 799 762 ᾗ
830 707 877 748 τὸ
909 710 1001 748 ΑΔ
1039 706 1293 761 δεδομένον,
1329 709 1376 749 τὸ
1406 710 1491 752 ΑΒ

165 773 274 828 πρὸς
310 774 358 814 τὸ
395 776 484 815 ΒΓ
520 777 663 829 μεῖζόν
705 775 822 817 ἐστιν
858 775 883 829 ἢ
922 776 969 818 ἐν
1005 779 1135 833 λόγῳ·
1179 783 1257 818 τοῦ
1294 778 1375 833 γὰρ
1406 779 1492 821 ΔΒ

166 843 275 897 πρὸς
311 843 359 884 τὸ
396 845 486 884 ΒΓ
523 845 654 898 λόγον
697 846 869 899 ἔχοντος
905 844 1139 900 δεδομένον
1181 845 1253 887 καὶ
1287 852 1365 887 τοῦ
1401 838 1492 889 ΛΔ

166 911 404 966 δεδομένου
439 912 730 968 ὑπάρχοντος,
773 913 1007 968 δεδομένον
1046 914 1117 957 καὶ
1154 915 1287 970 ῥητὸν
1329 915 1381 957 ὃν
1419 910 1488 958 καῖ

166 981 340 1034 ἄλογον,
373 981 454 1022 οὐκ
484 982 568 1037 ἄρα
598 981 670 1023 καὶ
702 983 805 1025 ὅλον
835 984 883 1024 τὸ
915 986 1000 1024 AB
1031 985 1140 1039 πρὸς
1169 985 1217 1026 τὸ
1248 986 1338 1025 ΒΓ
1362 986 1503 1044 λόγον.

166 1051 269 1103 ἔχει·
303 1050 368 1092 ὅτι
399 1052 481 1106 γὰρ
513 1053 675 1105 ἄλογόν
706 1052 795 1094 ἐστι
826 1053 874 1094 τὸ
904 1057 1005 1107 ΑΔ,
1036 1053 1088 1095 οὐ
1121 1055 1302 1095 δύναται
1333 1055 1381 1095 τὸ
1406 1054 1500 1103 ABj

164 1120 274 1174 πρὸς
304 1121 352 1161 τὸ
379 1122 469 1162 ΒΓ
493 1123 625 1174 λόγον
657 1123 781 1175 ἔχειν.
831 1123 899 1164 διὸ
931 1124 1074 1177 μεῖζόν
1105 1123 1192 1164 ἐστι
1225 1124 1272 1164 τὸ
1299 1125 1383 1164 ΑΒ
1414 1113 1498 1165 τοῦῖ

164 1190 250 1229 ΔΒ
282 1194 360 1230 τοῦ
385 1190 518 1242 λόγον
543 1192 717 1244 ἔχοντος
744 1192 853 1246 πρὸς
877 1192 925 1233 τὸ
951 1190 1298 1255 ΒΓ-δεδομένον
1321 1198 1380 1248 τῷ
1406 1195 1491 1234 ΑΔ
1515 1189 1520 1211 ³

164 1257 394 1315 δεδομένῳ.
468 1259 627 1313 ὁμοίως
664 1258 712 1301 δὲ
748 1259 819 1301 καὶ
857 1260 915 1310 ὡς
951 1262 1003 1302 τὰ
1040 1263 1061 1311 ζ
1097 1268 1184 1303 τῶν
1221 1252 1249 1302 δ
1282 1260 1498 1303 ἐλάσσονα,

164 1326 343 1382 λέγομεν
368 1327 393 1381 ἢ
420 1329 626 1370 διπλάσιοι
650 1330 821 1383 μονάδι,
853 1330 966 1371 οὕτω
993 1329 1172 1384 λέγομεν
1200 1330 1271 1372 καὶ
1296 1331 1344 1372 τὸ
1370 1332 1490 1372 ἔλασ-

164 1407 244 1438 σον
275 1397 301 1450 ἢ
334 1397 382 1438 ἐν
413 1399 526 1454 λόγῳ
559 1397 749 1440 δοθέντι.

251 1478 318 1520 56.
350 1476 395 1519 Ὁ
420 1478 550 1527 αὐτὸς
569 1478 685 1535 αὐτῷ
705 1478 915 1532 γεγονέτω
935 1495 974 1534 p.
992 1481 1058 1534 252,
1078 1479 1211 1533 6—7]
1238 1481 1413 1534 σχόλιον
1430 1481 1491 1529 εἰς

163 1564 211 1606 τὸ
249 1563 309 1606 ια’
341 1565 548 1619 θεώρημα
597 1550 667 1642 (10).
729 1565 775 1607 ἐν
805 1572 864 1622 τῷ
897 1565 957 1608 ια’
986 1568 1235 1621 θεωρήματι
1267 1567 1412 1620 λαβὼν
1441 1557 1498 1608 το

256 1722 310 1754 55.
335 1718 697 1762 Plvat.vAmbr.90
723 1719 904 1763 (Plvam
937 1719 984 1754 ad
1017 1720 1126 1754 finem
1150 1720 1236 1754 libri
1266 1722 1351 1765 post
1376 1705 1487 1756 schol.

161 1776 213 1800 nr.
239 1767 308 1810 45).
429 1769 483 1800 56.
516 1765 713 1809 PlVat.9‹:
745 1765 807 1810 (ad
838 1766 946 1800 finem
978 1765 1064 1800 libri
1094 1768 1179 1811 post
1204 1766 1315 1802 schol.
1340 1779 1393 1801 nr.
1419 1768 1487 1811 46).

256 1908 286 1939 1.
313 1904 417 1951 πρός]
444 1904 492 1944 ὡς
516 1904 539 1939 l.
625 1908 656 1939 4.
682 1909 789 1939 τοῦτο
817 1925 857 1930 -
885 1908 915 1939 5.
939 1905 999 1957 Θ]
1026 1915 1094 1939 om.
1121 1905 1244 1939 Ambr.
1323 1908 1355 1940 4.
1381 1901 1490 1940 τοῦτο·

161 1961 218 2008 τό]
245 1973 314 1996 om.
330 1962 414 1997 Vat.
499 1966 530 1997 5.
558 1962 646 2008 ἐστι]
673 1973 741 1996 om.
762 1962 846 1997 Vah.
927 1955 971 2008 θ]
998 1974 1018 2008 c)
1037 1962 1160 1997 Ambr.
1233 1963 1320 2008 τῶν]
1346 1962 1410 1998 τόν
1428 1961 1495 1998 PL

208 2020 250 2077 ὃ]
272 2020 294 2067 ,S
320 2020 444 2054 Ambr.
567 2023 596 2054 6.
629 2019 668 2076 η’]
701 2030 769 2054 om.
796 2019 954 2064 PlVat„
995 2019 1085 2055 εἰσιν
1110 2019 1133 2063 ἥ
1157 2020 1299 2064 Ambr.,
1337 2017 1429 2065 ἦσαν
1454 2033 1490 2063 ρ..
1519 2037 1520 2040 “

208 2066 316 2112 ουτω]
343 2066 449 2106 ὄντος
474 2080 504 2110 ρ.
624 2067 782 2110 λεγωμεν
808 2079 838 2109 ρ.
958 2069 1069 2101 8.10
1103 2049 1320 2112 δεδομένον]
1351 2066 1487 2111 Ambr.,
1491 2090 1495 2091 γ

161 2123 220 2146 om
245 2114 330 2147 cett
441 2116 494 2147 11
522 2111 725 2156 δεδομένον
751 2133 794 2137 -
821 2116 874 2146 13.
903 2111 922 2146 ἔ
919 2113 989 2158 χει]
1016 2123 1084 2147 om.
1112 2112 1234 2147 Ambr.
1262 2112 1330 2147 lac
1357 2093 1487 2147 relicta

158 2159 198 2192 et
221 2158 305 2193 add.
331 2157 457 2194 λείπει.
563 2162 615 2193 11.
612 2125 705 2194 unat!
726 2160 789 2202 (pr
794 2159 821 2204 )]
847 2169 915 2192 om.
943 2172 974 2202 ρ.
1077 2162 1131 2192 13.
1159 2158 1253 2204 ἔχειν
1278 2158 1520 2201 1³1Va.t.<>c.i

207 2208 261 2240 16.
288 2203 420 2248 ὁμοίως
459 2209 574 2239 -18,
601 2203 768 2250 δοθέντι]
795 2215 862 2239 om.
890 2204 974 2239 Vat.
983 2205 1105 2239 Ambr
1116 2216 1144 2239 c.
1235 2209 1287 2239 16.
1311 2203 1375 2250 τά]
1399 2203 1487 2240 τόῙι

205 2251 292 2296 τῶν]
317 2250 381 2285 τόν
442 2251 464 2286 l
565 2255 617 2286 19
645 2263 686 2296 σχ
689 2251 788 2286 όλιον
813 2256 877 2286 τοῦ
904 2255 943 2286 ῐᾶ
967 2251 1206 2295 θεωρήματος
1230 2251 1326 2295 Vat„
1358 2261 1426 2286 om.
1453 2256 1494 2301 ο.
1519 2255 1520 2272 ¹

205 2300 260 2332 20.
287 2296 359 2342 ια’]
387 2298 438 2343 ιβ’
466 2308 494 2332 e.
