1520 2508
106 823 148 854 10

68 1183 146 1213 Υ15

103 1530 146 1561 20

169 67 231 127 '92
701 90 966 124 AEAOMENA.

175 180 307 234 λέγω,
356 181 421 223 ὅτι
469 180 542 223 καὶ
589 181 612 224 ὁ
660 183 769 237 πρὸς
811 183 974 243 ἄλληλα
1016 184 1163 226 αὐτῶν
1210 185 1338 238 λόγος
1372 187 1450 241 ,ἔστ

176 250 337 299 δοθείς.

263 319 462 373 εἰλήφθω
495 320 576 375 γὰρ
607 327 694 362 τῶν
724 324 833 375 ΑΒ,
860 323 939 363 ΓΔ
975 324 1097 378 τρίτη
1130 322 1345 376 ἀνάλογον
1375 323 1401 378 ἡ

177 389 294 429 ἔστιν
319 389 402 443 ἄρα
428 388 486 438 ὡς
509 389 535 442 ἡ
561 392 646 430 ΑΒ
677 390 786 445 πρὸς
809 391 888 445 τὴν
914 393 1005 446 ΓΔ,
1036 391 1062 445 ἡ
1090 394 1169 434 ΓΔ
1197 393 1306 448 πρὸς
1329 394 1408 448 τὴν

176 458 303 510 λόγος
334 455 382 499 δὲ
412 457 435 500 ὁ
467 464 542 512 τῆς
572 461 656 500 ΛΒ
693 460 802 515 πρὸς
833 462 911 502 ΓΔ
949 462 1114 510 δοθείς·
1157 464 1285 516 λόγος
1315 463 1399 518 ἄρα

174 532 250 580 τῆς
281 528 361 568 ΓΔ
390 528 499 583 πρὸς
528 529 608 582 τὴν
638 531 690 569 Η
721 529 886 579 δοθείς·
930 531 1039 572 ὥστε
1068 529 1140 572 καὶ
1171 537 1247 585 τῆς
1276 534 1362 573 ΛΒ
1391 546 1450 589 πρ

174 597 255 650 τὴν
285 598 336 637 Η
362 598 489 650 λόγος
520 596 609 638 ἐστὶ
641 597 801 647 δοθείς.
862 599 920 648 ὡς
950 598 998 641 δὲ
1028 599 1054 653 ἡ
1079 603 1166 642 ΑΒ
1195 601 1304 655 πρὸς
1333 602 1412 655 τὴν
1478 652 1480 655 Ι

175 665 313 715 οὕτως
342 667 390 708 τὸ
422 669 463 708 Ε
490 667 599 722 π’ρὸς
628 668 676 709 τὸ
710 671 762 709 Ζ·
797 670 924 722 λόγος
955 670 1038 725 ἄρα
1068 675 1146 711 τοῦ
1177 673 1219 711 Ε
1244 672 1354 726 πρὸς
1382 671 1430 712 τὸ
1476 687 1506 718 g

174 735 335 784 δοθείς.
1486 744 1497 758 ‘'

794 834 849 860 να
868 850 878 860 .
1472 833 1503 890 {i

259 895 358 938 Ἐὰν
390 897 471 938 δύο
502 897 671 940 εὐθεῖαι
701 899 810 955 πρὸς
839 898 1027 953 ἀλλήλας
1057 902 1190 954 λόγον
1220 902 1347 955 ἔχωσι
1377 892 1514 949 δεδοᾶ

173 965 305 1019 μένον
329 964 401 1007 καὶ
434 965 506 1008 ἀπ’
529 967 674 1009 αὐτῶν
696 968 997 1024 εὐθύγραμμα,
1028 969 1055 1011 ἃ
1080 971 1242 1023 ἔτυχεν,
1267 945 1512 1029 ἀναγραφῇῗρ

174 1034 384 1090 δεδομένα
414 1042 473 1093 τῷ
505 1037 624 1090 εἴδει,
654 1038 787 1090 λόγον
817 1036 899 1088 ἕξει
928 1039 1037 1094 πρὸς
1060 1040 1224 1093 ἄλληλα
1249 1038 1447 1093 δεδομέν
1508 1094 1515 1098 ..

261 1105 342 1146 δύο
373 1105 456 1161 γὰρ
487 1105 655 1147 εὐθεῖαι
687 1107 735 1148 αἱ
761 1109 868 1161 ΑΒ,
895 1110 973 1149 ΓΔ
1008 1109 1116 1164 πρὸς
1151 1108 1338 1162 ἀλλήλας
1367 1110 1460 1162 λόγ

173 1173 384 1228 ἐχέτωσαν
416 1174 668 1229 δεδομένον,
707 1175 780 1217 καὶ
811 1176 1134 1233 ἀναγεγραφθω
1165 1177 1249 1219 ἀπὸ
1279 1185 1367 1219 τῶν
1396 1181 1438 1219 Α

174 1245 253 1285 ΓΔ
278 1243 578 1300 εὐθύγραμμα,
608 1245 635 1286 ἃ
660 1247 822 1300 ἔτυχεν,
853 1246 1063 1301 δεδομένα
1088 1253 1146 1304 τῷ
1172 1248 1276 1289 εἴδει
1301 1248 1353 1288 τὰ
1371 1250 1422 1301 Ε,
1441 1249 1477 1289 Z
1496 1242 1513 1278 ⁷⁶¹

172 1312 295 1366 λέγω,
328 1313 394 1355 ὅτι
423 1319 502 1355 τοῦ
533 1317 574 1355 Ε
601 1315 710 1370 πρὸς
739 1316 788 1357 τὸ
822 1319 856 1356 Ζ
867 1318 1016 1369 λόγος
1046 1315 1135 1358 ἐστὶ
1166 1317 1326 1366 δοθείς.

260 1381 583 1439 ἀναγεγραφθω
620 1384 702 1439 γὰρ
740 1383 823 1426 ἀπὸ
854 1390 929 1439 τῆς
959 1388 1045 1426 ΑΒ
1081 1391 1140 1440 τῷ
1173 1388 1208 1426 Ζ
1246 1386 1396 1440 ὅμοιον

172 1451 331 1506 ὁμοίως
359 1454 558 1506 κείμενον
588 1453 636 1494 τὸ
668 1455 820 1495 ΑΗΒ.
869 1453 1041 1496 δέδοται
1072 1452 1119 1496 δὲ
1149 1455 1197 1496 τὸ
1226 1458 1260 1496 Ζ
1290 1461 1350 1512 τῷ
1376 1444 1520 1518 elder}

172 1519 345 1562 δέδοται
387 1522 470 1577 ἄρα
506 1520 578 1563 καὶ
615 1523 663 1563 τὸ
701 1525 839 1564 ΑΗΒ
882 1530 941 1580 τῷ
979 1525 1095 1566 εἴδει.
1162 1523 1270 1566 ἀλλὰ
1306 1525 1392 1579 μὴν
1447 1523 1475 1526 ⁴
1516 1527 1517 1530 ’

171 1590 220 1631 τὸ
245 1593 287 1631 Ε
315 1589 488 1632 δέδοται
513 1597 572 1647 τῷ
598 1592 703 1632 εἴδει
727 1591 815 1633 καὶ
824 1592 1143 1648 ἀναγέγραπται
1164 1593 1246 1635 ἀπὸ
1266 1600 1342 1648 τῆς
1365 1582 1520 1654 αὐτῆῗ

171 1659 346 1708 εὐθείας
380 1666 456 1713 τῆς
492 1663 596 1701 ΑΒ·
640 1663 768 1714 λόγος
809 1663 892 1717 ἄρα
933 1668 1012 1704 τοῦ
1048 1664 1236 1719 Εμπρὸς
1271 1664 1319 1705 τὸ
1357 1665 1454 1705 ΑΗ
1469 1670 1478 1699 ι’

171 1729 332 1778 δοθείς.
391 1727 463 1771 καὶ
500 1729 590 1771 ἐπεὶ
626 1732 754 1783 λόγος
791 1730 880 1773 ε’στὶ
916 1737 992 1786 τῆς
1028 1735 1114 1774 ΛΒ
1156 1734 1265 1789 πρὸς
1299 1734 1380 1787 τὴν
1417 1726 1520 1790 1⁸⁵4*

265 1857 294 1889 1.
321 1852 385 1889 καί
409 1875 454 1880 -
479 1857 510 1889 2.
537 1853 680 1901 δοθείς]
711 1855 817 1901 λόγος
848 1855 920 1890 ἐστὶ
944 1862 1009 1891 τοῦ
1036 1860 1105 1892 ΒΕ
1134 1858 1226 1902 πρὸς
1248 1858 1313 1893 τὸν
1342 1860 1408 1892 ΖΔ
1431 1854 1520 1905 &sss

171 1898 254 1940 θείς
278 1900 313 1935 b
424 1904 454 1935 1.
490 1900 602 1947 ἔσται]
635 1912 749 1947 comp.
754 1869 860 1937 yVat.
971 1907 1001 1938 3.
1034 1904 1121 1950 τῶν]
1154 1915 1242 1939 corr.
1269 1914 1313 1939 ex
1335 1904 1376 1939 τό
1401 1914 1446 1939 m.

171 1946 254 1981 vat.
351 1944 452 1991 τρίτη
454 1947 468 1993 ]
493 1947 551 1981 bis
576 1947 611 1983 b.
707 1952 739 1983 4.
767 1947 879 1988 οὕτως
897 1949 920 1994 ἡ
942 1951 1006 1984 ΓΔ
1030 1949 1064 1985 b
1135 1966 1137 1968 ¹
1160 1950 1227 1994 τήν
1241 1949 1348 1996 (alt.)]
1374 1961 1442 1985 om.
1466 1964 1471 1977 ¹
1506 1953 1510 1962 ²

218 1996 248 2027 5.
277 1993 311 2039 ὁ]
338 2003 407 2028 om.
433 1993 468 2028 b.
575 1994 642 2039 τὴν
670 1997 734 2030 ΓΔ
758 2006 790 2030 v.
899 1999 930 2030 6.
963 1996 982 2030 ὁ
1005 2001 1070 2040 τῆς
1096 1998 1160 2032 ΓΔ
1184 1996 1222 2032 P.
1330 1999 1361 2031 8.
1390 1995 1475 2044 λόγ
1510 2009 1517 2033 .;

172 2059 213 2064 —
244 2039 286 2085 Z]
313 2049 382 2074 om
409 2039 443 2074 b.
540 2041 603 2075 καὶ
627 2046 692 2075 τοῦ
718 2041 973 2076 ν.12.τὰ
996 2041 1062 2077 ἀπ’
1085 2044 1108 2088 β
1133 2045 1220 2087 (non
1237 2043 1285 2088 b).
1381 2041 1421 2089 ἅ]
1512 2055 1517 2091 ἰ

169 2085 266 2130 Vat.‚
291 2084 382 2120 item
406 2085 550 2121 lin.16.
658 2091 710 2122 15.
743 2087 847 2146 ἀπό]
858 2087 929 2122 ὑπό
954 2087 988 2123 b
1099 2093 1151 2124 16.
1180 2089 1278 2135 ἔτυχε
1303 2089 1338 2123 b
1511 2098 1517 2128 ς

169 2142 257 2166 corr.
286 2142 330 2166 ex
353 2132 402 2166 τώ
427 2144 473 2167 m.
501 2136 521 2167 2
547 2133 631 2168 Vat.
741 2138 794 2169 17.
827 2132 881 2168 ὅτι
905 2134 1011 2183 λόγος
1036 2134 1108 2170 ἐστὶ
1131 2141 1196 2170 τοῦ
1223 2138 1255 2169 Ε
1284 2134 1375 2178 πρὸς
1397 2134 1438 2170 τὸ
1511 2131 1517 2159 ’ἶ

169 2176 298 2218 δοθείς
322 2178 356 2212 b.
467 2182 520 2213 18.
547 2180 610 2225 τῷ]
637 2190 725 2215 corr
752 2190 795 2214 ex
820 2179 860 2214 τό
885 2192 931 2215 m.
958 2185 978 2215 2
1006 2193 1037 2216 v
1148 2185 1199 2217 19.
1233 2182 1422 2226 εὐθύγραμ
1456 2198 1460 2209 ¹
1508 2179 1517 2230 ζ,

167 2224 207 2259 τὸ
227 2227 337 2258 ΑΗΒ
356 2224 440 2259 vat.
450 2236 482 2259 v
556 2227 681 2271 ΑΗΒ]
706 2226 832 2271 AHb,
858 2226 948 2261 item
966 2226 1029 2262 lin
1044 2231 1099 2272 20,
1118 2231 1173 2263 22
1247 2231 1301 2262 20.
1321 2226 1476 2278 καίων.Η
1510 2230 1517 2266 ἑ

168 2282 277 2316 supra
302 2282 347 2305 m.
375 2274 395 2305 2
421 2282 452 2305 v.
1467 2289 1470 2292 ·
1500 2279 1517 2299 -ἱ
