1520 2508
469 88 713 124 APPENDIX
737 88 1064 124 SCHOLIORUM.
1353 87 1440 129 327

0 169 33 225 ἶ
91 186 296 240 αλλήλοις
326 192 422 234 ταῖς
453 188 535 239 ηθ,
560 187 636 227 κλ·
665 186 744 227 καί
765 182 857 227 ἐστι
881 185 930 227 τὸ
959 182 1040 240 μὲν
1063 189 1131 227 θκ
1161 187 1440 242 παραλληλό-

0 234 35 317 Ξ
91 272 293 314 γραμμον
325 260 424 299 ἴσον
454 261 514 313 τῷ
546 255 632 298 ὑπὸ
664 263 753 298 τῶν
785 259 827 298 A
836 259 885 311 Z,
913 258 1011 311 ΓΔ,
1046 257 1095 299 τὸ
1127 254 1177 300 δὲ
1207 262 1309 312 κηθ
1341 261 1442 301 ἴσον

12 333 28 376 5
91 333 150 385 τῷ
171 331 214 370 A
223 329 302 369 ΓΔ
326 326 545 384 τριγώνῳ·
577 326 812 369 διπλάσιον
837 328 922 384 ἄρα
947 329 995 370 τὸ
1021 328 1108 371 ὑπὸ
1128 335 1217 371 τῶν
1237 332 1338 384 ΑΖ,
1357 331 1442 372 ΓΔ

89 404 170 440 τοῦ
202 399 333 441 ΑΓΔ
363 398 597 455 τριγώνου.

12 531 23 553 ξ
182 492 246 535 19.
288 496 395 543 Πῶς
424 494 473 535 τὸ
498 493 585 535 ὑπὸ
611 500 700 535 τῶν
726 497 827 549 ΑΖ,
849 496 928 536 ΓΔ
958 500 1038 537 τοῦ
1058 499 1101 537 A
1110 497 1192 538 ΓΔ
1215 497 1438 552 τριγώνου
1488 504 1510 536 5

10 552 24 598 ἶ
86 563 323 606 διπλάσιόν
361 563 499 616 ἐστιν;
561 563 760 620 δείξομεν
798 565 949 616 οὕτως.
1010 567 1137 622 ἤχθω
1176 568 1251 609 διὰ
1282 574 1362 610 τοῦ
1394 572 1438 610 Α

14 644 18 652 “
827 643 878 693 τῇ
901 639 981 680 ΓΔ
998 638 1278 694 παράλληλος
1296 638 1323 693 ἡ
1343 643 1386 682 Α
1392 642 1447 682 Η

826 708 899 751 καὶ
943 709 1018 751 διὰ
1054 715 1134 751 τοῦ
1172 712 1224 752 Η
1260 716 1312 766 τῇ
1350 714 1439 753 AZ

826 780 1106 837 παράλληλος
1135 780 1162 835 ἡ
1194 784 1300 824 ΗΘ.
1354 782 1438 824 δύο

856 852 941 907 ἄρα
974 853 1408 909 παραλληλόγραμμά
1464 860 1509 892 10

826 922 917 965 ἐστι
954 923 1007 965 τὰ
1044 926 1087 965 A
1097 926 1152 977 Θ,
1178 927 1272 966 ΑΔ
1309 922 1438 981 (ὑπό-

824 1010 961 1037 κειται
994 995 1076 1051 γὰρ
1108 994 1181 1037 καὶ
1212 994 1238 1050 ἡ
1265 999 1308 1037 Α
1316 998 1359 1038 Γ
1384 1002 1437 1052 τῇ

825 1068 908 1108 ΒΔ
932 1064 1229 1123 παράλληλος)
1262 1065 1331 1109 ἐπὶ
1359 1073 1438 1122 τῆς

825 1137 960 1192 αὐτῆς
998 1136 1168 1192 βάσεώς
1210 1138 1318 1180 ὄντα
1360 1144 1438 1194 τῆς

825 1210 927 1250 AH
956 1206 1031 1250 καὶ
1068 1208 1116 1251 ἐν
1151 1216 1247 1259 ταῖς
1283 1209 1437 1260 αὐταῖς
1464 1216 1508 1247 15

84 1279 382 1334 παραλλήλοις
400 1288 495 1330 ταῖς
514 1284 556 1322 A
563 1282 622 1335 H,
639 1283 740 1322 ΖΔ·
765 1284 865 1323 ἴσον
884 1280 969 1336 ἄρα
988 1280 1037 1322 τὸ
1052 1283 1094 1321 Λ
1105 1282 1142 1322 Θ
1159 1283 1436 1337 παραλληλό-

87 1364 290 1406 γραμμον
327 1357 387 1408 τῷ
419 1354 507 1393 ΑΔ
537 1351 1000 1409 παραλληλογράμμῳ.’
1040 1349 1113 1393 καὶ
1145 1349 1236 1393 ἐπεὶ
1267 1352 1316 1394 τὸ
1347 1351 1435 1394 ὑπὸ

85 1427 176 1462 τῶν
205 1423 307 1476 ΑΖ,
332 1424 434 1464 AH
460 1421 551 1464 ἐστι
581 1423 630 1465 τὸ
662 1425 770 1478 ΑΘ,
804 1427 874 1477 ἴση
901 1420 950 1465 δὲ
974 1421 1000 1477 ἡ
1027 1424 1129 1464 ΑΗ
1153 1427 1205 1478 τῇ
1238 1424 1332 1477 ΓΔ,
1362 1421 1437 1465 καὶ

12 1492 15 1495 Χ
85 1491 135 1533 τὸ
179 1491 264 1547 ἄρα
312 1491 398 1535 ὑπὸ
442 1500 531 1534 τῶν
568 1496 675 1548 ΑΖ,
708 1496 787 1536 ΓΛ
830 1493 921 1536 ἐστι
957 1493 1006 1536 τὸ
1044 1497 1087 1535 Α
1096 1496 1151 1535 Θ·
1200 1493 1437 1536 διπλάσιον

13 1576 16 1586 ··
87 1559 136 1603 δὲ
172 1562 221 1604 τὸ
253 1565 343 1605 ΑΘ
378 1569 458 1605 τοῦ
489 1565 622 1606 ΑΓΔ
652 1565 893 1621 τριγώνου,
933 1563 1026 1607 ἐπεὶ
1056 1563 1129 1606 καὶ
1160 1565 1208 1607 τὸ
1240 1567 1342 1606 ΑΔ·
1383 1565 1434 1607 τὸ
1460 1572 1506 1604 20

85 1633 172 1690 ἄρα
218 1632 305 1676 ὑπὸ
355 1641 444 1676 τῶν
488 1638 531 1677 Α
539 1637 594 1689 Ζ,
635 1637 714 1678 ΓΔ
762 1635 997 1678 διπλάσιόν
1040 1634 1130 1678 ἐστι
1179 1641 1258 1678 τοῦ
1301 1639 1344 1678 Α
1352 1637 1435 1678 ΓΔ

10 1722 13 1723 ’
84 1705 318 1760 τριγώνου.

181 1930 236 1962 19.
263 1927 739 1972 PlVat.vMon.Abr.‹592.
790 1927 868 1973 Fig.
895 1939 1000 1973 prop.
1027 1927 1144 1974 ipsius
1171 1927 1353 1974 suppleui.

180 2144 212 2182 5.
245 2141 327 2188 AZ]
363 2143 435 2176 ΔΖ
465 2140 704 2185 Plvae.⁶97..
825 2145 890 2175 τοῦ
921 2141 1040 2187 ΑΓΔ]
1075 2152 1144 2177 om.
1171 2140 1326 2187 PMon.,
1363 2147 1430 2178 τοῦ

0 2219 3 2225 .
84 2198 155 2222 om.
182 2187 205 2222 l.
303 2189 502 2235 τριγώνου]
528 2199 645 2233 comp.
672 2187 712 2224 P.
816 2192 848 2222 6.
876 2185 1053 2233 δείξωμεν
1078 2188 1163 2224 ΡΙλ.
1274 2192 1306 2225 8,
1333 2201 1430 2235 παρ-

0 2235 4 2263 l
83 2233 238 2280 άλληλος
266 2241 311 2283 τῇ
336 2238 404 2270 ΑΖ
435 2235 559 2271 Ambr.
678 2238 731 2270 14.
759 2234 850 2270 ὄντα
877 2256 918 2260 ——
948 2239 1001 2271 16.
1028 2235 1429 2284 παραλληλόγραμμον]

84 2292 155 2317 om.
175 2282 261 2318 Pla..
361 2287 416 2318 14.
444 2282 551 2329 ὄντα]
579 2279 671 2318 οὖσα
697 2294 730 2317 V.
830 2285 884 2316 18.
912 2281 986 2317 ἐστι
1011 2283 1051 2318 τὸ
1077 2284 1164 2330 ΑΘ]
1190 2287 1240 2331 τῷ
1262 2285 1327 2320 ΑΘ
1354 2284 1430 2319 ἐστι

0 2350 2 2354 ,
82 2329 208 2365 Ambr.
310 2330 389 2377 ΓΔ]
417 2329 469 2365 sic
494 2330 637 2373 Ambr.;
667 2332 735 2364 ΓΖ
760 2329 871 2374 Mon.‚
902 2332 970 2365 ΖΔ
996 2332 1082 2366 cett.
