1520 2508
604 83 858 133 APPENDIX.
1322 93 1406 135 195

56 173 197 240 rectaje
222 196 357 238 ΒΔΓ
385 193 601 250 positione
639 194 764 235 datae
794 192 1003 248 parallela
1033 192 1162 234 ducta
1192 193 1259 233 est
1289 193 1408 233 reeta

57 267 170 310 linea
193 269 275 308 EA
284 269 332 322 Z,
362 268 445 307 EA
454 267 490 306 Z
520 263 870 320 positionedata
901 263 983 305 erit
1015 263 1154 318 [prop.
1180 261 1406 317 XXVIII}

577 355 581 358 ·
754 337 797 375 et
841 334 1046 388 quoniam
1088 332 1297 388 parallela
1340 335 1408 374 est

11 399 14 402 ⁴
60 394 683 454 EffAE—-fflz
738 407 887 447 ·ΕΛΖ
924 407 1067 446 rectae
1099 406 1240 460 ΒΔΓ,
1284 406 1328 446 613
1361 402 1408 445 in

751 490 823 518 eas
854 475 1008 530 incidit
1039 478 1145 530 ΛΑ,
1174 474 1259 516 erit

61 575 63 577 ·
271 527 297 593 f
750 551 778 596 A
798 549 939 588 EAA
960 566 1014 580 =
1036 547 1182 588 ΑΛΓ
1217 545 1282 601 [1,
1313 544 1406 599 29].

58 627 86 660 Β
252 604 268 643 s
556 620 559 621 ⁷
673 607 675 609 ¹
751 608 902 659 ueruin
937 621 964 666 L
990 620 1085 659 ΑΔ
1094 619 1136 659 Γ
1170 617 1295 658 datus
1329 617 1407 657 est.

220 657 254 688 A
599 712 602 714 v
660 654 695 686 Γ
750 688 898 743 itaque
918 688 1050 730 etiam
1076 691 1207 737 LEA
1215 691 1259 729 A
1281 686 1408 728 datus

57 749 122 803 est
147 760 246 816 [def.
275 759 330 814 1].
382 760 470 802 iam
502 759 706 815 quoniam
739 760 792 801 ad
822 762 986 808 rectam
1017 758 1234 813 positione
1261 758 1408 799 datam

54 833 137 873 EA
146 834 181 872 Z
212 834 255 872 et
286 831 434 873 datum
463 834 675 886 punctum
705 831 752 872 in
783 845 833 872 ea
856 829 1050 886 positum
1076 833 1118 871 A
1148 832 1268 872 reeta
1291 829 1407 870 linea

30 901 184 948 ,dueta
221 904 287 944 est
324 906 411 944 AA
450 902 599 944 datum
637 901 829 944 efficiens
870 900 1077 957 angulum
1115 903 1272 955 EAA,
1310 902 1407 941 AA

53 972 266 1029 Positione
299 972 399 1014 data
431 971 514 1014 erit
546 974 683 1027 [prop.
709 971 886 1027 XXIX}

532 1206 601 1249 Ad
631 1137 752 1263 [110Ξῖ
784 1206 920 1249 XXX.

636 1289 818 1332 Aliter.

144 1370 347 1414 Sumatur
382 1371 429 1412 in
459 1374 577 1413 recta
609 1374 700 1413 ΒΓ
724 1372 878 1414 datum
916 1374 1127 1427 punctum
1158 1374 1216 1426 Ε,
1254 1374 1297 1412 613
1327 1385 1434 1426 per·

54 1445 263 1498 punctum
293 1445 335 1484 E
364 1444 506 1484 rectae
532 1445 621 1483 AA
657 1443 864 1498 parallela
896 1443 1077 1484 dueatur
1107 1444 1192 1483 EZ
1232 1441 1283 1497 [1,
1315 1442 1413 1494 31]..

634 1514 839 1568 quoniam
858 1512 1065 1569 parallela
1079 1515 1145 1554 est
1161 1515 1247 1554 ZE
1262 1515 1406 1554 rectae

75 1597 78 1600 “
135 1571 168 1602 Z
341 1567 404 1708 ἵ
633 1588 739 1640 ΛΔ,
783 1587 826 1626 613
868 1584 916 1625 in
952 1598 1024 1625 eas
1061 1583 1215 1625 incidit
1259 1585 1407 1639 BEA,

634 1655 716 1697 erit
759 1659 786 1705 L
809 1657 943 1697 ZEA
964 1675 1017 1688 =
1040 1656 1185 1696 ΑΔΓ
1229 1652 1284 1711 [1,
1316 1653 1406 1709 29].

179 1571 282 1808 Χ
401 1711 438 1793 Χ
510 1756 514 1761 -
634 1740 786 1768 uerum
818 1730 845 1776 L
865 1728 953 1768 AA
962 1728 1005 1768 Γ
1029 1726 1155 1767 datus
1188 1728 1264 1767 est.
1326 1725 1406 1767 ita-

438 1794 579 1835 Χ·--Γ
635 1811 717 1851 que
762 1796 913 1838 etiam·
938 1801 964 1846 ζ,
996 1798 1130 1838 ΖΕΓ
1168 1796 1294 1838 datus
1340 1798 1406 1838 est

635 1867 736 1922 [def.
753 1867 809 1922 1].
840 1867 929 1909 iam
946 1867 1150 1922 quoniam
1170 1868 1224 1908 ad
1242 1869 1406 1908 rectam

53 1936 267 1994 positione
309 1939 454 1981 datam
486 1938 581 1980 ‘BF
619 1941 661 1980 et
706 1938 855 1979 datum
891 1940 1101 1993 punctum
1133 1937 1181 1978 in
1213 1951 1263 1978 ea
1292 1933 1434 1992 posi-'

53 2012 146 2051 tum
170 2012 212 2051 E
238 2012 356 2052 recta
379 2009 495 2051 linea
520 2009 650 2051 ducta
675 2011 741 2050 est
767 2010 851 2050 ΕΖ
880 2008 1030 2049 datum
1055 2007 1246 2049 efficiens
1273 2021 1406 2063 angu-

51 2080 142 2122 lum
169 2082 307 2135 ΖΕΓ,
338 2083 422 2122 ΕΖ
452 2079 669 2135 positione
702 2079 802 2120 data
828 2078 911 2120 erit
937 2080 1074 2134 [prop.
1100 2077 1275 2131 XXIX}
1315 2077 1404 2119 iam
1463 2090 1466 2094 ’

53 2150 256 2206 quoniam
275 2161 356 2206 per
381 2151 529 2203 datum
554 2153 774 2206 punctum
791 2153 833 2190 A
864 2151 1006 2191 rectae
1031 2148 1248 2203 positione
1278 2148 1403 2191 datae

145 2323 225 2369 Fig.
252 2323 317 2360 alt.
345 2335 414 2361 om.
443 2335 476 2360 a.

1114 2382 1183 2415 13*
