<?xml version="1.0" encoding="UTF-8"?>
<!DOCTYPE html PUBLIC "-//W3C//DTD XHTML 1.0 Transitional//EN"
    "http://www.w3.org/TR/xhtml1/DTD/xhtml1-transitional.dtd">
<html xmlns="http://www.w3.org/1999/xhtml" xml:lang="en" lang="en">
 <head>
  <title>
</title>
<meta http-equiv="Content-Type" content="text/html;charset=utf-8" />
  <meta name='ocr-system' content='tesseract 3.04.00' />
  <meta name='ocr-capabilities' content='ocr_page ocr_carea ocr_par ocr_line ocrx_word'/>
</head>
<body>
  <div class='ocr_page' id='page_1' title='image "./euclidisoperaomn06eucluoft_0315.png"; bbox 0 0 1520 2508; ppageno 0'>
   <div class='ocr_carea' id='block_1_1' title="bbox 481 96 1394 138">
    <p class='ocr_par' dir='ltr' id='par_1_1' title="bbox 481 96 1394 138">
     <span class='ocr_line' id='line_1_1' title="bbox 481 96 1394 138; baseline 0.005 -5"><span class='ocrx_word' id='word_1_1' title='bbox 481 99 533 133; x_wconf 78' lang='lat' dir='ltr'>m</span> <span class='ocrx_word' id='word_1_2' title='bbox 556 99 785 133; x_wconf 80' lang='lat' dir='ltr'>EUOLIDIS</span> <span class='ocrx_word' id='word_1_3' title='bbox 809 98 948 133; x_wconf 81' lang='lat' dir='ltr'><strong>DATA.</strong></span> <span class='ocrx_word' id='word_1_4' title='bbox 1307 96 1394 138; x_wconf 85' lang='lat'>249</span> 
     </span>
    </p>
   </div>
   <div class='ocr_carea' id='block_1_2' title="bbox 0 0 35 658">
    <p class='ocr_par' dir='ltr' id='par_1_2' title="bbox 0 0 35 658">
     <span class='ocr_line' id='line_1_2' title="bbox 0 0 35 365; baseline 0 -149"><span class='ocrx_word' id='word_1_5' title='bbox 0 0 35 365; x_wconf 95' lang='lat' dir='ltr'>  </span> 
     </span>
     <span class='ocr_line' id='line_1_3' title="bbox 0 365 15 658; baseline 1.133 -175"><span class='ocrx_word' id='word_1_6' title='bbox 0 365 15 658; x_wconf 95' lang='lat' dir='ltr'>    </span> <span class='ocrx_word' id='word_1_7' title='bbox 8 485 13 498; x_wconf 95' lang='lat' dir='ltr'> </span> 
     </span>
    </p>
   </div>
   <div class='ocr_carea' id='block_1_3' title="bbox 0 192 1403 2160">
    <p class='ocr_par' dir='ltr' id='par_1_3' title="bbox 0 192 1403 2160">
     <span class='ocr_line' id='line_1_4' title="bbox 10 192 1399 251; baseline -0.004 -12"><span class='ocrx_word' id='word_1_8' title='bbox 10 215 11 219; x_wconf 49' lang='lat'>¹</span> <span class='ocrx_word' id='word_1_9' title='bbox 49 196 145 240; x_wconf 79' lang='lat' dir='ltr'>nale</span> <span class='ocrx_word' id='word_1_10' title='bbox 177 196 252 251; x_wconf 90' lang='lat' dir='ltr'>sit,</span> <span class='ocrx_word' id='word_1_11' title='bbox 295 210 344 238; x_wconf 87' lang='lat' dir='ltr'>ac</span> <span class='ocrx_word' id='word_1_12' title='bbox 374 192 567 237; x_wconf 89' lang='lat' dir='ltr'>nondum</span> <span class='ocrx_word' id='word_1_13' title='bbox 596 194 824 236; x_wconf 86' lang='lat' dir='ltr'>inuentum</span> <span class='ocrx_word' id='word_1_14' title='bbox 854 193 1066 236; x_wconf 76' lang='lat' dir='ltr'>rationale</span> <span class='ocrx_word' id='word_1_15' title='bbox 1098 207 1202 235; x_wconf 88' lang='lat' dir='ltr'>esse.</span> <span class='ocrx_word' id='word_1_16' title='bbox 1265 192 1399 235; x_wconf 90' lang='lat' dir='ltr'>ordi-</span> 
     </span>
     <span class='ocr_line' id='line_1_5' title="bbox 7 264 1398 328; baseline -0.002 -19"><span class='ocrx_word' id='word_1_17' title='bbox 7 270 11 312; x_wconf 76' lang='grc' dir='ltr'>ἰ</span> <span class='ocrx_word' id='word_1_18' title='bbox 46 270 220 328; x_wconf 76' lang='lat' dir='ltr'>natum</span> <span class='ocrx_word' id='word_1_19' title='bbox 251 269 392 309; x_wconf 88' lang='lat' dir='ltr'>autem</span> <span class='ocrx_word' id='word_1_20' title='bbox 422 268 466 308; x_wconf 89' lang='lat' dir='ltr'>et</span> <span class='ocrx_word' id='word_1_21' title='bbox 496 265 852 307; x_wconf 87' lang='lat' dir='ltr'>inordinatum</span> <span class='ocrx_word' id='word_1_22' title='bbox 884 279 936 307; x_wconf 84' lang='lat' dir='ltr'>ex</span> <span class='ocrx_word' id='word_1_23' title='bbox 959 264 1014 306; x_wconf 92' lang='lat' dir='ltr'>iis</span> <span class='ocrx_word' id='word_1_24' title='bbox 1042 267 1155 320; x_wconf 88' lang='lat' dir='ltr'>sunt,</span> <span class='ocrx_word' id='word_1_25' title='bbox 1187 278 1295 320; x_wconf 90' lang='lat' dir='ltr'>quae</span> <span class='ocrx_word' id='word_1_26' title='bbox 1319 278 1398 319; x_wconf 87' lang='lat' dir='ltr'>per</span> 
     </span>
     <span class='ocr_line' id='line_1_6' title="bbox 7 334 1397 392; baseline -0.003 -11"><span class='ocrx_word' id='word_1_27' title='bbox 7 340 8 343; x_wconf 71' lang='grc'>’</span> <span class='ocrx_word' id='word_1_28' title='bbox 49 352 92 382; x_wconf 86' lang='lat' dir='ltr'>se</span> <span class='ocrx_word' id='word_1_29' title='bbox 117 340 160 380; x_wconf 91' lang='lat' dir='ltr'>et</span> <span class='ocrx_word' id='word_1_30' title='bbox 183 340 340 380; x_wconf 84' lang='lat' dir='ltr'>natura</span> <span class='ocrx_word' id='word_1_31' title='bbox 366 352 444 379; x_wconf 87' lang='lat' dir='ltr'>sua</span> <span class='ocrx_word' id='word_1_32' title='bbox 468 335 793 392; x_wconf 84' lang='lat' dir='ltr'>intelleguntur,</span> <span class='ocrx_word' id='word_1_33' title='bbox 819 335 990 378; x_wconf 88' lang='lat' dir='ltr'>etiamsi</span> <span class='ocrx_word' id='word_1_34' title='bbox 1015 350 1041 377; x_wconf 86' lang='lat' dir='ltr'>a</span> <span class='ocrx_word' id='word_1_35' title='bbox 1058 334 1186 378; x_wconf 87' lang='lat' dir='ltr'>nobis</span> <span class='ocrx_word' id='word_1_36' title='bbox 1205 335 1397 377; x_wconf 90' lang='lat' dir='ltr'>nondum</span> 
     </span>
     <span class='ocr_line' id='line_1_7' title="bbox 5 397 1398 462; baseline -0.002 -11"><span class='ocrx_word' id='word_1_37' title='bbox 5 410 10 459; x_wconf 70' lang='grc'>1</span> <span class='ocrx_word' id='word_1_38' title='bbox 48 411 147 452; x_wconf 84' lang='grc'>8111113</span> <span class='ocrx_word' id='word_1_39' title='bbox 183 407 372 450; x_wconf 89' lang='lat' dir='ltr'>inuenta.</span> <span class='ocrx_word' id='word_1_40' title='bbox 445 407 584 449; x_wconf 87' lang='lat' dir='ltr'>multa</span> <span class='ocrx_word' id='word_1_41' title='bbox 622 406 813 462; x_wconf 87' lang='lat' dir='ltr'>quidem,</span> <span class='ocrx_word' id='word_1_42' title='bbox 858 421 967 462; x_wconf 88' lang='lat' dir='ltr'>quae</span> <span class='ocrx_word' id='word_1_43' title='bbox 1003 397 1162 448; x_wconf 86' lang='lat' dir='ltr'>natura</span> <span class='ocrx_word' id='word_1_44' title='bbox 1199 406 1398 448; x_wconf 87' lang='lat' dir='ltr'>ordinata</span> 
     </span>
     <span class='ocr_line' id='line_1_8' title="bbox 6 462 1398 535; baseline -0.002 -13"><span class='ocrx_word' id='word_1_45' title='bbox 6 462 8 493; x_wconf 68' lang='lat' dir='ltr'>t</span> <span class='ocrx_word' id='word_1_46' title='bbox 48 476 159 535; x_wconf 78' lang='lat' dir='ltr'>sunt,</span> <span class='ocrx_word' id='word_1_47' title='bbox 188 493 325 534; x_wconf 87' lang='lat' dir='ltr'>neque</span> <span class='ocrx_word' id='word_1_48' title='bbox 352 479 406 521; x_wconf 87' lang='lat' dir='ltr'>ab</span> <span class='ocrx_word' id='word_1_49' title='bbox 431 478 497 534; x_wconf 91' lang='lat' dir='ltr'>iis,</span> <span class='ocrx_word' id='word_1_50' title='bbox 531 478 606 534; x_wconf 91' lang='lat' dir='ltr'>qui</span> <span class='ocrx_word' id='word_1_51' title='bbox 632 481 732 520; x_wconf 85' lang='lat' dir='ltr'>ante</span> <span class='ocrx_word' id='word_1_52' title='bbox 757 477 946 534; x_wconf 87' lang='lat' dir='ltr'>fuerunt,</span> <span class='ocrx_word' id='word_1_53' title='bbox 976 480 1215 534; x_wconf 87' lang='lat' dir='ltr'>perspecta,</span> <span class='ocrx_word' id='word_1_54' title='bbox 1244 480 1398 533; x_wconf 88' lang='lat' dir='ltr'>postea</span> 
     </span>
     <span class='ocr_line' id='line_1_9' title="bbox 4 547 1398 599; baseline -0.001 -7"><span class='ocrx_word' id='word_1_55' title='bbox 4 555 7 599; x_wconf 68' lang='grc' dir='ltr'>ε’</span> <span class='ocrx_word' id='word_1_56' title='bbox 46 547 324 593; x_wconf 76' lang='lat' dir='ltr'><strong>Archimedes</strong></span> <span class='ocrx_word' id='word_1_57' title='bbox 346 549 544 591; x_wconf 86' lang='lat' dir='ltr'>ordinata</span> <span class='ocrx_word' id='word_1_58' title='bbox 563 563 656 591; x_wconf 91' lang='lat' dir='ltr'>esse</span> <span class='ocrx_word' id='word_1_59' title='bbox 677 548 1003 591; x_wconf 86' lang='lat' dir='ltr'>demonstrauit.</span> <span class='ocrx_word' id='word_1_60' title='bbox 1046 551 1226 590; x_wconf 90' lang='lat' dir='ltr'>notum</span> <span class='ocrx_word' id='word_1_61' title='bbox 1253 551 1398 590; x_wconf 89' lang='lat' dir='ltr'>autem</span> 
     </span>
     <span class='ocr_line' id='line_1_10' title="bbox 0 619 1400 677; baseline -0.002 -14"><span class='ocrx_word' id='word_1_62' title='bbox 0 651 6 671; x_wconf 48' lang='grc' dir='ltr'>μ</span> <span class='ocrx_word' id='word_1_63' title='bbox 48 623 91 664; x_wconf 87' lang='lat' dir='ltr'>et</span> <span class='ocrx_word' id='word_1_64' title='bbox 113 620 347 677; x_wconf 85' lang='lat' dir='ltr'>ignotum</span> <span class='ocrx_word' id='word_1_65' title='bbox 373 620 586 676; x_wconf 88' lang='lat' dir='ltr'>dicuntur,</span> <span class='ocrx_word' id='word_1_66' title='bbox 613 623 825 675; x_wconf 88' lang='lat' dir='ltr'>quatenus</span> <span class='ocrx_word' id='word_1_67' title='bbox 846 620 900 661; x_wconf 88' lang='lat' dir='ltr'>ad</span> <span class='ocrx_word' id='word_1_68' title='bbox 918 634 998 661; x_wconf 92' lang='lat' dir='ltr'>nos</span> <span class='ocrx_word' id='word_1_69' title='bbox 1019 619 1275 661; x_wconf 86' lang='lat' dir='ltr'>referuntur.</span> <span class='ocrx_word' id='word_1_70' title='bbox 1319 619 1400 661; x_wconf 89' lang='lat' dir='ltr'>ita-</span> 
     </span>
     <span class='ocr_line' id='line_1_11' title="bbox 48 689 1400 748; baseline -0.002 -14.103"><span class='ocrx_word' id='word_1_71' title='bbox 48 706 128 748; x_wconf 85' lang='lat' dir='ltr'>que</span> <span class='ocrx_word' id='word_1_72' title='bbox 160 706 221 747; x_wconf 87' lang='lat' dir='ltr'>ea,</span> <span class='ocrx_word' id='word_1_73' title='bbox 253 705 360 746; x_wconf 87' lang='lat' dir='ltr'>quae</span> <span class='ocrx_word' id='word_1_74' title='bbox 385 690 610 733; x_wconf 85' lang='lat' dir='ltr'>nominata</span> <span class='ocrx_word' id='word_1_75' title='bbox 635 693 750 746; x_wconf 85' lang='lat' dir='ltr'>sunt,</span> <span class='ocrx_word' id='word_1_76' title='bbox 781 690 984 732; x_wconf 85' lang='lat' dir='ltr'>differunt</span> <span class='ocrx_word' id='word_1_77' title='bbox 1015 690 1129 731; x_wconf 91' lang='lat' dir='ltr'>inter</span> <span class='ocrx_word' id='word_1_78' title='bbox 1155 704 1213 746; x_wconf 91' lang='lat' dir='ltr'>se,</span> <span class='ocrx_word' id='word_1_79' title='bbox 1245 690 1282 731; x_wconf 92' lang='lat' dir='ltr'>si</span> <span class='ocrx_word' id='word_1_80' title='bbox 1309 689 1400 744; x_wconf 93' lang='lat' dir='ltr'>qui-</span> 
     </span>
     <span class='ocr_line' id='line_1_12' title="bbox 0 749 1398 817; baseline -0.002 -12"><span class='ocrx_word' id='word_1_81' title='bbox 0 749 5 794; x_wconf 36' lang='lat'>&#39;3</span> <span class='ocrx_word' id='word_1_82' title='bbox 49 762 143 805; x_wconf 90' lang='lat' dir='ltr'>dem</span> <span class='ocrx_word' id='word_1_83' title='bbox 162 777 296 804; x_wconf 90' lang='lat' dir='ltr'>unum</span> <span class='ocrx_word' id='word_1_84' title='bbox 316 762 370 804; x_wconf 86' lang='lat' dir='ltr'>ad</span> <span class='ocrx_word' id='word_1_85' title='bbox 391 776 471 804; x_wconf 91' lang='lat' dir='ltr'>nos</span> <span class='ocrx_word' id='word_1_86' title='bbox 491 762 688 817; x_wconf 87' lang='lat' dir='ltr'>refertur,</span> <span class='ocrx_word' id='word_1_87' title='bbox 708 761 893 803; x_wconf 86' lang='lat' dir='ltr'>alterum</span> <span class='ocrx_word' id='word_1_88' title='bbox 912 761 967 803; x_wconf 90' lang='lat' dir='ltr'>ad</span> <span class='ocrx_word' id='word_1_89' title='bbox 984 763 1200 817; x_wconf 86' lang='lat' dir='ltr'>naturam,</span> <span class='ocrx_word' id='word_1_90' title='bbox 1218 760 1398 802; x_wconf 90' lang='lat' dir='ltr'>tertium</span> 
     </span>
     <span class='ocr_line' id='line_1_13' title="bbox 0 824 386 876; baseline 0.01 -5"><span class='ocrx_word' id='word_1_91' title='bbox 0 857 5 871; x_wconf 41' lang='grc' dir='ltr'><strong><em>ἱ</em></strong></span> <span class='ocrx_word' id='word_1_92' title='bbox 45 824 102 876; x_wconf 75' lang='lat' dir='ltr'>ad</span> <span class='ocrx_word' id='word_1_93' title='bbox 130 847 386 875; x_wconf 83' lang='lat' dir='ltr'>mensuram.</span> 
     </span>
     <span class='ocr_line' id='line_1_14' title="bbox 2 899 1400 959; baseline -0.002 -13"><span class='ocrx_word' id='word_1_94' title='bbox 2 899 3 903; x_wconf 32' lang='lat'>¹</span> <span class='ocrx_word' id='word_1_95' title='bbox 136 903 311 946; x_wconf 88' lang='lat' dir='ltr'>definita</span> <span class='ocrx_word' id='word_1_96' title='bbox 343 907 488 946; x_wconf 91' lang='lat' dir='ltr'>autem</span> <span class='ocrx_word' id='word_1_97' title='bbox 520 906 564 945; x_wconf 89' lang='lat' dir='ltr'>et</span> <span class='ocrx_word' id='word_1_98' title='bbox 595 903 854 959; x_wconf 85' lang='lat' dir='ltr'>cognatione</span> <span class='ocrx_word' id='word_1_99' title='bbox 888 906 931 945; x_wconf 89' lang='lat' dir='ltr'>et</span> <span class='ocrx_word' id='word_1_100' title='bbox 962 902 1206 945; x_wconf 86' lang='lat' dir='ltr'>differentia</span> <span class='ocrx_word' id='word_1_101' title='bbox 1237 916 1400 957; x_wconf 89' lang='lat' dir='ltr'>eorum,</span> 
     </span>
     <span class='ocr_line' id='line_1_15' title="bbox 0 972 1400 1032; baseline -0.002 -15"><span class='ocrx_word' id='word_1_102' title='bbox 0 979 3 1032; x_wconf 64' lang='grc' dir='ltr'><strong><em>ξ</em></strong></span> <span class='ocrx_word' id='word_1_103' title='bbox 46 987 155 1030; x_wconf 64' lang='lat' dir='ltr'>&#39;quae</span> <span class='ocrx_word' id='word_1_104' title='bbox 192 974 419 1030; x_wconf 88' lang='lat' dir='ltr'>proposita</span> <span class='ocrx_word' id='word_1_105' title='bbox 455 977 575 1030; x_wconf 86' lang='lat' dir='ltr'>sunt,</span> <span class='ocrx_word' id='word_1_106' title='bbox 619 974 833 1030; x_wconf 89' lang='lat' dir='ltr'>sequitur,</span> <span class='ocrx_word' id='word_1_107' title='bbox 875 977 944 1030; x_wconf 97' lang='grc'>1113,</span> <span class='ocrx_word' id='word_1_108' title='bbox 987 974 1091 1030; x_wconf 90' lang='lat' dir='ltr'>quid</span> <span class='ocrx_word' id='word_1_109' title='bbox 1127 973 1302 1015; x_wconf 89' lang='lat' dir='ltr'>tandem</span> <span class='ocrx_word' id='word_1_110' title='bbox 1341 972 1400 1015; x_wconf 88' lang='lat' dir='ltr'>sit</span> 
     </span>
     <span class='ocr_line' id='line_1_16' title="bbox 49 1043 1400 1101; baseline -0.003 -13.14"><span class='ocrx_word' id='word_1_111' title='bbox 49 1045 236 1101; x_wconf 82' lang='lat' dir='ltr'>datum,</span> <span class='ocrx_word' id='word_1_112' title='bbox 275 1045 475 1100; x_wconf 82' lang='lat' dir='ltr'>deinceps</span> <span class='ocrx_word' id='word_1_113' title='bbox 508 1045 840 1088; x_wconf 81' lang='lat' dir='ltr'>consideremus.</span> <span class='ocrx_word' id='word_1_114' title='bbox 903 1047 1119 1100; x_wconf 90' lang='lat' dir='ltr'>quotquot</span> <span class='ocrx_word' id='word_1_115' title='bbox 1150 1043 1287 1100; x_wconf 86' lang='lat' dir='ltr'>igitur</span> <span class='ocrx_word' id='word_1_116' title='bbox 1318 1043 1400 1085; x_wconf 89' lang='lat' dir='ltr'>da-</span> 
     </span>
     <span class='ocr_line' id='line_1_17' title="bbox 0 1107 1400 1172; baseline -0.002 -14"><span class='ocrx_word' id='word_1_117' title='bbox 0 1107 152 1158; x_wconf 57' lang='lat' dir='ltr'>stum</span> <span class='ocrx_word' id='word_1_118' title='bbox 190 1116 236 1158; x_wconf 89' lang='lat' dir='ltr'>id</span> <span class='ocrx_word' id='word_1_119' title='bbox 278 1131 372 1158; x_wconf 87' lang='lat' dir='ltr'>esse</span> <span class='ocrx_word' id='word_1_120' title='bbox 409 1119 585 1172; x_wconf 89' lang='lat' dir='ltr'>putant,</span> <span class='ocrx_word' id='word_1_121' title='bbox 629 1116 744 1170; x_wconf 90' lang='lat' dir='ltr'>quod</span> <span class='ocrx_word' id='word_1_122' title='bbox 776 1130 828 1157; x_wconf 85' lang='lat' dir='ltr'>ex</span> <span class='ocrx_word' id='word_1_123' title='bbox 857 1115 1092 1171; x_wconf 84' lang='lat' dir='ltr'>hypothesi</span> <span class='ocrx_word' id='word_1_124' title='bbox 1130 1115 1184 1157; x_wconf 91' lang='lat' dir='ltr'>ab</span> <span class='ocrx_word' id='word_1_125' title='bbox 1217 1128 1286 1170; x_wconf 92' lang='lat' dir='ltr'>eo,</span> <span class='ocrx_word' id='word_1_126' title='bbox 1325 1114 1400 1169; x_wconf 86' lang='lat' dir='ltr'>qui</span> 
     </span>
     <span class='ocr_line' id='line_1_18' title="bbox 0 1182 1400 1243; baseline -0.002 -14"><span class='ocrx_word' id='word_1_127' title='bbox 0 1182 1 1186; x_wconf 32' lang='lat'>¹</span> <span class='ocrx_word' id='word_1_128' title='bbox 48 1187 263 1242; x_wconf 87' lang='lat' dir='ltr'>proponit,</span> <span class='ocrx_word' id='word_1_129' title='bbox 289 1187 428 1243; x_wconf 86' lang='lat' dir='ltr'>datur,</span> <span class='ocrx_word' id='word_1_130' title='bbox 458 1187 511 1229; x_wconf 86' lang='lat' dir='ltr'>ab</span> <span class='ocrx_word' id='word_1_131' title='bbox 538 1201 601 1241; x_wconf 87' lang='lat' dir='ltr'>eo,</span> <span class='ocrx_word' id='word_1_132' title='bbox 630 1187 744 1242; x_wconf 87' lang='lat' dir='ltr'>quod</span> <span class='ocrx_word' id='word_1_133' title='bbox 769 1186 1004 1242; x_wconf 89' lang='lat' dir='ltr'>quaeritur,</span> <span class='ocrx_word' id='word_1_134' title='bbox 1035 1187 1249 1228; x_wconf 86' lang='lat' dir='ltr'>aberrant.</span> <span class='ocrx_word' id='word_1_135' title='bbox 1297 1199 1400 1227; x_wconf 90' lang='lat' dir='ltr'>nam</span> 
     </span>
     <span class='ocr_line' id='line_1_19' title="bbox 50 1256 1401 1312; baseline -0.001 -13"><span class='ocrx_word' id='word_1_136' title='bbox 50 1258 194 1300; x_wconf 87' lang='lat' dir='ltr'>omnia</span> <span class='ocrx_word' id='word_1_137' title='bbox 230 1258 467 1299; x_wconf 89' lang='lat' dir='ltr'>datorum</span> <span class='ocrx_word' id='word_1_138' title='bbox 505 1257 843 1303; x_wconf 75' lang='lat' dir='ltr'>elementanon</span> <span class='ocrx_word' id='word_1_139' title='bbox 880 1258 931 1299; x_wconf 90' lang='lat' dir='ltr'>de</span> <span class='ocrx_word' id='word_1_140' title='bbox 976 1257 1110 1299; x_wconf 85' lang='lat' dir='ltr'>datis</span> <span class='ocrx_word' id='word_1_141' title='bbox 1149 1272 1207 1299; x_wconf 87' lang='lat' dir='ltr'>ex</span> <span class='ocrx_word' id='word_1_142' title='bbox 1243 1256 1401 1312; x_wconf 84' lang='lat' dir='ltr'>hypo-</span> 
     </span>
     <span class='ocr_line' id='line_1_20' title="bbox 49 1327 1400 1384; baseline -0.001 -14"><span class='ocrx_word' id='word_1_143' title='bbox 49 1328 185 1371; x_wconf 88' lang='lat' dir='ltr'>thesi</span> <span class='ocrx_word' id='word_1_144' title='bbox 229 1329 471 1383; x_wconf 89' lang='lat' dir='ltr'>composita</span> <span class='ocrx_word' id='word_1_145' title='bbox 516 1331 635 1384; x_wconf 87' lang='lat' dir='ltr'>sunt,</span> <span class='ocrx_word' id='word_1_146' title='bbox 677 1331 727 1370; x_wconf 89' lang='grc'>1113</span> <span class='ocrx_word' id='word_1_147' title='bbox 769 1328 824 1370; x_wconf 87' lang='grc'>118</span> <span class='ocrx_word' id='word_1_148' title='bbox 861 1328 965 1371; x_wconf 91' lang='lat' dir='ltr'>licet</span> <span class='ocrx_word' id='word_1_149' title='bbox 1002 1342 1282 1384; x_wconf 80' lang='lat' dir='ltr'>cognoscere,</span> <span class='ocrx_word' id='word_1_150' title='bbox 1326 1327 1400 1382; x_wconf 91' lang='lat' dir='ltr'>qui</span> 
     </span>
     <span class='ocr_line' id='line_1_21' title="bbox 27 1386 1401 1455; baseline -0.001 -14"><span class='ocrx_word' id='word_1_151' title='bbox 27 1386 31 1391; x_wconf 84' lang='lat'><strong>.</strong></span> <span class='ocrx_word' id='word_1_152' title='bbox 49 1397 363 1455; x_wconf 71' lang='lat' dir='ltr'>disputationes</span> <span class='ocrx_word' id='word_1_153' title='bbox 384 1400 435 1441; x_wconf 92' lang='lat' dir='ltr'>de</span> <span class='ocrx_word' id='word_1_154' title='bbox 453 1399 535 1442; x_wconf 88' lang='lat' dir='ltr'>hac</span> <span class='ocrx_word' id='word_1_155' title='bbox 553 1414 599 1441; x_wconf 88' lang='lat' dir='ltr'>re</span> <span class='ocrx_word' id='word_1_156' title='bbox 618 1399 845 1441; x_wconf 88' lang='lat' dir='ltr'>institutas</span> <span class='ocrx_word' id='word_1_157' title='bbox 866 1399 1036 1441; x_wconf 82' lang='lat' dir='ltr'>adeunt.</span> <span class='ocrx_word' id='word_1_158' title='bbox 1075 1413 1206 1454; x_wconf 90' lang='lat' dir='ltr'>quare</span> <span class='ocrx_word' id='word_1_159' title='bbox 1227 1400 1401 1453; x_wconf 89' lang='lat' dir='ltr'>oportet</span> 
     </span>
     <span class='ocr_line' id='line_1_22' title="bbox 51 1468 1402 1526; baseline -0.001 -15"><span class='ocrx_word' id='word_1_160' title='bbox 51 1469 182 1512; x_wconf 85' lang='lat' dir='ltr'>etiam</span> <span class='ocrx_word' id='word_1_161' title='bbox 211 1484 306 1526; x_wconf 87' lang='lat' dir='ltr'>nos,</span> <span class='ocrx_word' id='word_1_162' title='bbox 334 1469 416 1511; x_wconf 89' lang='lat' dir='ltr'>hac</span> <span class='ocrx_word' id='word_1_163' title='bbox 449 1469 651 1524; x_wconf 88' lang='lat' dir='ltr'>opinione</span> <span class='ocrx_word' id='word_1_164' title='bbox 684 1468 844 1512; x_wconf 87' lang='lat' dir='ltr'>omissa</span> <span class='ocrx_word' id='word_1_165' title='bbox 876 1483 1038 1525; x_wconf 89' lang='lat' dir='ltr'>eorum,</span> <span class='ocrx_word' id='word_1_166' title='bbox 1069 1469 1143 1524; x_wconf 86' lang='lat' dir='ltr'>qui</span> <span class='ocrx_word' id='word_1_167' title='bbox 1175 1468 1302 1511; x_wconf 87' lang='lat' dir='ltr'>aliter</span> <span class='ocrx_word' id='word_1_168' title='bbox 1332 1468 1402 1510; x_wconf 90' lang='lat' dir='ltr'>de—</span> 
     </span>
     <span class='ocr_line' id='line_1_23' title="bbox 50 1539 1401 1596; baseline 0 -14"><span class='ocrx_word' id='word_1_169' title='bbox 50 1539 226 1596; x_wconf 90' lang='lat' dir='ltr'>finiunt,</span> <span class='ocrx_word' id='word_1_170' title='bbox 275 1540 467 1582; x_wconf 86' lang='lat' dir='ltr'>rationes</span> <span class='ocrx_word' id='word_1_171' title='bbox 511 1539 754 1596; x_wconf 81' lang='lat' dir='ltr'>explorare3</span> <span class='ocrx_word' id='word_1_172' title='bbox 804 1540 886 1582; x_wconf 86' lang='lat' dir='ltr'>erit</span> <span class='ocrx_word' id='word_1_173' title='bbox 936 1543 1083 1582; x_wconf 90' lang='lat' dir='ltr'>autem</span> <span class='ocrx_word' id='word_1_174' title='bbox 1126 1540 1299 1582; x_wconf 89' lang='lat' dir='ltr'>datum</span> <span class='ocrx_word' id='word_1_175' title='bbox 1344 1554 1401 1581; x_wconf 86' lang='lat' dir='ltr'>ex</span> 
     </span>
     <span class='ocr_line' id='line_1_24' title="bbox 49 1609 1400 1666; baseline -0.001 -13"><span class='ocrx_word' id='word_1_176' title='bbox 49 1609 327 1666; x_wconf 82' lang='lat' dir='ltr'>hypothesi</span> <span class='ocrx_word' id='word_1_177' title='bbox 345 1611 401 1666; x_wconf 91' lang='lat' dir='ltr'>id,</span> <span class='ocrx_word' id='word_1_178' title='bbox 427 1610 543 1666; x_wconf 90' lang='lat' dir='ltr'>quod</span> <span class='ocrx_word' id='word_1_179' title='bbox 563 1610 868 1653; x_wconf 88' lang='lat' dir='ltr'>conuenienter</span> <span class='ocrx_word' id='word_1_180' title='bbox 886 1610 1110 1666; x_wconf 87' lang='lat' dir='ltr'>principiis</span> <span class='ocrx_word' id='word_1_181' title='bbox 1129 1609 1400 1665; x_wconf 84' lang='lat' dir='ltr'>perspicitur.</span> 
     </span>
     <span class='ocr_line' id='line_1_25' title="bbox 47 1680 1402 1738; baseline -0.001 -15"><span class='ocrx_word' id='word_1_182' title='bbox 47 1680 83 1723; x_wconf 81' lang='lat' dir='ltr'>ii</span> <span class='ocrx_word' id='word_1_183' title='bbox 123 1682 278 1738; x_wconf 88' lang='lat' dir='ltr'>igitur,</span> <span class='ocrx_word' id='word_1_184' title='bbox 327 1681 401 1736; x_wconf 92' lang='lat' dir='ltr'>qui</span> <span class='ocrx_word' id='word_1_185' title='bbox 445 1681 770 1724; x_wconf 83' lang='lat' dir='ltr'>definitionibus</span> <span class='ocrx_word' id='word_1_186' title='bbox 814 1681 998 1738; x_wconf 84' lang='lat' dir='ltr'>singulis</span> <span class='ocrx_word' id='word_1_187' title='bbox 1041 1681 1291 1724; x_wconf 90' lang='lat' dir='ltr'>nominibus</span> <span class='ocrx_word' id='word_1_188' title='bbox 1334 1695 1402 1721; x_wconf 84' lang='lat' dir='ltr'>ex-</span> 
     </span>
     <span class='ocr_line' id='line_1_26' title="bbox 51 1752 1400 1808; baseline -0.001 -14"><span class='ocrx_word' id='word_1_189' title='bbox 51 1753 209 1808; x_wconf 88' lang='lat' dir='ltr'>pressis</span> <span class='ocrx_word' id='word_1_190' title='bbox 229 1755 422 1807; x_wconf 90' lang='lat' dir='ltr'>utuntur,</span> <span class='ocrx_word' id='word_1_191' title='bbox 447 1752 511 1794; x_wconf 92' lang='lat' dir='ltr'>ita</span> <span class='ocrx_word' id='word_1_192' title='bbox 530 1752 752 1808; x_wconf 88' lang='lat' dir='ltr'>definiunt,</span> <span class='ocrx_word' id='word_1_193' title='bbox 770 1755 820 1794; x_wconf 92' lang='lat' dir='ltr'>ut</span> <span class='ocrx_word' id='word_1_194' title='bbox 839 1767 925 1794; x_wconf 85' lang='lat' dir='ltr'>una</span> <span class='ocrx_word' id='word_1_195' title='bbox 944 1752 1090 1808; x_wconf 88' lang='lat' dir='ltr'>aliqua</span> <span class='ocrx_word' id='word_1_196' title='bbox 1108 1767 1268 1808; x_wconf 88' lang='lat' dir='ltr'>earum,</span> <span class='ocrx_word' id='word_1_197' title='bbox 1294 1766 1400 1806; x_wconf 90' lang='lat' dir='ltr'>quas</span> 
     </span>
     <span class='ocr_line' id='line_1_27' title="bbox 53 1821 1400 1879; baseline -0.002 -14"><span class='ocrx_word' id='word_1_198' title='bbox 53 1823 288 1878; x_wconf 79' lang='lat' dir='ltr'>attulimus,</span> <span class='ocrx_word' id='word_1_199' title='bbox 312 1823 541 1865; x_wconf 88' lang='lat' dir='ltr'>notionum</span> <span class='ocrx_word' id='word_1_200' title='bbox 565 1823 611 1865; x_wconf 88' lang='lat' dir='ltr'>id</span> <span class='ocrx_word' id='word_1_201' title='bbox 636 1823 856 1879; x_wconf 81' lang='lat' dir='ltr'>denotent,</span> <span class='ocrx_word' id='word_1_202' title='bbox 886 1823 1248 1878; x_wconf 83' lang='lat' dir='ltr'>quemadmodum</span> <span class='ocrx_word' id='word_1_203' title='bbox 1272 1821 1400 1863; x_wconf 84' lang='lat' dir='ltr'>initio</span> 
     </span>
     <span class='ocr_line' id='line_1_28' title="bbox 53 1892 1402 1936; baseline -0.001 -1"><span class='ocrx_word' id='word_1_204' title='bbox 53 1892 215 1936; x_wconf 85' lang='lat' dir='ltr'>dictum</span> <span class='ocrx_word' id='word_1_205' title='bbox 240 1896 316 1935; x_wconf 90' lang='lat' dir='ltr'>est.</span> <span class='ocrx_word' id='word_1_206' title='bbox 368 1908 516 1935; x_wconf 90' lang='lat' dir='ltr'>omnes</span> <span class='ocrx_word' id='word_1_207' title='bbox 543 1896 689 1935; x_wconf 89' lang='lat' dir='ltr'>autem</span> <span class='ocrx_word' id='word_1_208' title='bbox 712 1893 828 1935; x_wconf 89' lang='lat' dir='ltr'>idem</span> <span class='ocrx_word' id='word_1_209' title='bbox 853 1893 942 1935; x_wconf 89' lang='lat' dir='ltr'>fere</span> <span class='ocrx_word' id='word_1_210' title='bbox 968 1893 1020 1935; x_wconf 89' lang='lat' dir='ltr'>de</span> <span class='ocrx_word' id='word_1_211' title='bbox 1052 1894 1171 1935; x_wconf 89' lang='lat' dir='ltr'>dato</span> <span class='ocrx_word' id='word_1_212' title='bbox 1198 1892 1402 1935; x_wconf 86' lang='lat' dir='ltr'>uidentur</span> 
     </span>
     <span class='ocr_line' id='line_1_29' title="bbox 55 1963 1399 2020; baseline 0 -14"><span class='ocrx_word' id='word_1_213' title='bbox 55 1964 256 2019; x_wconf 81' lang='lat' dir='ltr'>sensisse3</span> <span class='ocrx_word' id='word_1_214' title='bbox 272 1964 660 2020; x_wconf 86' lang='lat' dir='ltr'>comprehensibile</span> <span class='ocrx_word' id='word_1_215' title='bbox 675 1963 790 2006; x_wconf 87' lang='lat' dir='ltr'>enim</span> <span class='ocrx_word' id='word_1_216' title='bbox 805 1963 969 2019; x_wconf 88' lang='lat' dir='ltr'>aliquid</span> <span class='ocrx_word' id='word_1_217' title='bbox 982 1964 1028 2005; x_wconf 95' lang='lat' dir='ltr'>id</span> <span class='ocrx_word' id='word_1_218' title='bbox 1041 1978 1134 2006; x_wconf 91' lang='lat' dir='ltr'>esse</span> <span class='ocrx_word' id='word_1_219' title='bbox 1147 1966 1399 2019; x_wconf 88' lang='lat' dir='ltr'>posuerunt,</span> 
     </span>
     <span class='ocr_line' id='line_1_30' title="bbox 53 2033 1402 2090; baseline -0.001 -14"><span class='ocrx_word' id='word_1_220' title='bbox 53 2036 102 2076; x_wconf 90' lang='lat' dir='ltr'>ut</span> <span class='ocrx_word' id='word_1_221' title='bbox 126 2034 270 2090; x_wconf 88' lang='lat' dir='ltr'>ipsum</span> <span class='ocrx_word' id='word_1_222' title='bbox 298 2035 490 2077; x_wconf 80' lang='lat' dir='ltr'>declarat</span> <span class='ocrx_word' id='word_1_223' title='bbox 516 2034 626 2076; x_wconf 86' lang='lat' dir='ltr'>dati</span> <span class='ocrx_word' id='word_1_224' title='bbox 656 2049 827 2089; x_wconf 90' lang='lat' dir='ltr'>nomen,</span> <span class='ocrx_word' id='word_1_225' title='bbox 859 2037 989 2090; x_wconf 91' lang='lat' dir='ltr'>atque</span> <span class='ocrx_word' id='word_1_226' title='bbox 1013 2034 1227 2090; x_wconf 89' lang='lat' dir='ltr'>imprimis</span> <span class='ocrx_word' id='word_1_227' title='bbox 1252 2034 1297 2090; x_wconf 89' lang='lat' dir='ltr'>ii,</span> <span class='ocrx_word' id='word_1_228' title='bbox 1327 2033 1402 2088; x_wconf 89' lang='lat' dir='ltr'>qui</span> 
     </span>
     <span class='ocr_line' id='line_1_31' title="bbox 52 2103 1403 2160; baseline 0.001 -14"><span class='ocrx_word' id='word_1_229' title='bbox 52 2103 160 2146; x_wconf 89' lang='lat' dir='ltr'>illud</span> <span class='ocrx_word' id='word_1_230' title='bbox 179 2105 351 2158; x_wconf 80' lang='lat' dir='ltr'>datum</span> <span class='ocrx_word' id='word_1_231' title='bbox 374 2120 432 2147; x_wconf 85' lang='lat' dir='ltr'>ex</span> <span class='ocrx_word' id='word_1_232' title='bbox 449 2105 732 2160; x_wconf 85' lang='lat' dir='ltr'>hypothesi</span> <span class='ocrx_word' id='word_1_233' title='bbox 753 2104 993 2147; x_wconf 89' lang='lat' dir='ltr'>definiendo</span> <span class='ocrx_word' id='word_1_234' title='bbox 1013 2108 1274 2160; x_wconf 89' lang='lat' dir='ltr'>proponunt.</span> <span class='ocrx_word' id='word_1_235' title='bbox 1312 2104 1403 2160; x_wconf 87' lang='lat' dir='ltr'>qui-</span> 
     </span>
    </p>
   </div>
   <div class='ocr_carea' id='block_1_4' title="bbox 54 2231 1404 2373">
    <p class='ocr_par' dir='ltr' id='par_1_4' title="bbox 54 2231 1404 2373">
     <span class='ocr_line' id='line_1_32' title="bbox 55 2231 1400 2279; baseline -0.001 -12"><span class='ocrx_word' id='word_1_236' title='bbox 55 2244 175 2268; x_wconf 82' lang='grc' dir='ltr'><strong><em>οιοντε</em></strong></span> <span class='ocrx_word' id='word_1_237' title='bbox 199 2232 238 2268; x_wconf 89' lang='grc' dir='ltr'>Ρ.</span> <span class='ocrx_word' id='word_1_238' title='bbox 338 2236 392 2268; x_wconf 87' lang='grc'>13.</span> <span class='ocrx_word' id='word_1_239' title='bbox 420 2231 731 2279; x_wconf 79' lang='grc' dir='ltr'>διαμαρτάνουσι]</span> <span class='ocrx_word' id='word_1_240' title='bbox 758 2244 836 2267; x_wconf 87' lang='grc' dir='ltr'><strong><em>-σιν</em></strong></span> <span class='ocrx_word' id='word_1_241' title='bbox 861 2244 894 2268; x_wconf 78' lang='lat' dir='ltr'>V.</span> <span class='ocrx_word' id='word_1_242' title='bbox 993 2233 1091 2268; x_wconf 87' lang='lat' dir='ltr'>Ante</span> <span class='ocrx_word' id='word_1_243' title='bbox 1115 2238 1181 2268; x_wconf 80' lang='grc' dir='ltr'>τοῦ</span> <span class='ocrx_word' id='word_1_244' title='bbox 1208 2232 1293 2268; x_wconf 87' lang='lat' dir='ltr'>add.</span> <span class='ocrx_word' id='word_1_245' title='bbox 1314 2232 1400 2268; x_wconf 87' lang='lat' dir='ltr'>Vat.</span> 
     </span>
     <span class='ocr_line' id='line_1_33' title="bbox 55 2277 1404 2326; baseline 0.001 -12"><span class='ocrx_word' id='word_1_246' title='bbox 55 2278 138 2324; x_wconf 78' lang='grc' dir='ltr'><strong><em>περί</em></strong></span> <span class='ocrx_word' id='word_1_247' title='bbox 162 2279 312 2326; x_wconf 86' lang='lat' dir='ltr'>punctis</span> <span class='ocrx_word' id='word_1_248' title='bbox 338 2279 408 2315; x_wconf 89' lang='lat' dir='ltr'>del.</span> <span class='ocrx_word' id='word_1_249' title='bbox 517 2283 571 2315; x_wconf 88' lang='lat'>18.</span> <span class='ocrx_word' id='word_1_250' title='bbox 600 2277 839 2326; x_wconf 81' lang='grc' dir='ltr'><strong>ὁριζομένων]</strong></span> <span class='ocrx_word' id='word_1_251' title='bbox 867 2279 1081 2325; x_wconf 81' lang='grc' dir='ltr'><strong><em>ὁριζόμενον</em></strong></span> <span class='ocrx_word' id='word_1_252' title='bbox 1100 2280 1141 2326; x_wconf 90' lang='grc' dir='ltr'>Ρ,</span> <span class='ocrx_word' id='word_1_253' title='bbox 1168 2277 1404 2326; x_wconf 82' lang='grc' dir='ltr'><strong><em>ὁριζομένους</em></strong></span> 
     </span>
     <span class='ocr_line' id='line_1_34' title="bbox 54 2324 996 2373; baseline 0.002 -12"><span class='ocrx_word' id='word_1_254' title='bbox 54 2324 139 2362; x_wconf 74' lang='lat' dir='ltr'>vat.</span> <span class='ocrx_word' id='word_1_255' title='bbox 249 2329 303 2362; x_wconf 83' lang='lat'>28.</span> <span class='ocrx_word' id='word_1_256' title='bbox 330 2340 473 2363; x_wconf 80' lang='grc' dir='ltr'><strong><em>κανωνι</em></strong></span> <span class='ocrx_word' id='word_1_257' title='bbox 496 2327 582 2362; x_wconf 69' lang='lat' dir='ltr'>Vnt.</span> <span class='ocrx_word' id='word_1_258' title='bbox 687 2327 937 2373; x_wconf 80' lang='grc' dir='ltr'><strong><em>δυνησώμεθα</em></strong></span> <span class='ocrx_word' id='word_1_259' title='bbox 962 2339 996 2363; x_wconf 82' lang='lat' dir='ltr'>v,</span> 
     </span>
    </p>
   </div>
  </div>
 </body>
</html>
