1520 2508
1471 0 1492 43 3
1506 0 1520 52 ,1

151 78 179 118 4
679 81 944 116 ΔΕΔΟΜΕΝΑ.

149 171 324 227 μεγέθει
353 173 424 215 καὶ
456 174 504 215 αἱ
530 174 677 227 βάσεις
706 181 793 215 τῶν
822 174 1052 229 τμημάτων
1081 181 1133 231 τῇ
1163 175 1284 218 θέσει
1314 175 1385 218 καὶ
1410 183 1468 235 τῷ
1516 201 1518 205 >

150 242 335 297 μεγέθει.

238 311 301 353 θ’.
356 310 561 365 Μέγεθος
601 310 813 367 μεγέθους
861 312 1073 356 δοθέντι
1119 316 1290 368 μεῖζόν
1339 314 1487 370 ἐστιν,

152 381 270 435 ὅταν,
302 381 617 437 ἀφαιρεθέντος
646 388 723 424 τοῦ
755 382 976 437 δοθέντος,
1007 385 1054 426 τὸ
1087 385 1240 426 λοιπὸν
1269 390 1329 441 τῷ
1354 385 1470 442 αὐτῷ·
1516 400 1517 441 }

104 452 125 483 5
153 453 249 491 ἴσον
278 446 318 506 ᾗ.

239 518 284 561 ι’.
333 519 538 574 Μέγεθος
577 516 790 575 μεγέθους
831 522 1042 564 δοθέντι
1085 524 1302 564 ἔλασσόν
1343 522 1472 577 ἐστιν,
1516 541 1517 554 2

152 589 275 643 ὅταν,
317 589 632 645 προστεθέντος
666 597 744 633 τοῦ
781 591 1006 646 δοθέντος,
1048 592 1096 633 τὸ
1134 592 1237 633 ὅλον
1267 598 1326 648 τῷ
1357 591 1472 648 αὐτῷ
1515 595 1520 630 ξ

153 662 249 700 ἴσον
279 655 319 714 ᾗ.

241 728 315 770 ια’.
358 728 564 782 Μέγεθος
599 729 811 784 μεγέθους
848 730 1057 773 δοθέντι
1094 733 1266 785 μεῖζόν
1300 729 1416 772 ἐστιν
1446 729 1472 784 ἢ
1503 725 1520 749 ”“’

83 800 128 831 10
153 797 206 840 έν
231 800 381 855 λόγῳ,
413 799 529 853 ὅταν,
561 798 875 855 ἀφαιρεθέντος
898 806 976 842 τοῦ
991 799 1223 853 δοθέντος,
1247 801 1296 842 τὸ
1322 801 1475 842 λοιπὸν
1516 791 1518 794 .

151 868 261 923 πρὸς
289 868 339 910 τὸ
370 868 474 910 αὐτὸ
506 870 638 922 λόγον
667 871 740 924 ἔχῃ
770 868 1015 924 δεδομένον.

241 936 316 991 ιβ’.
365 936 571 990 Μέγεθος
605 937 818 992 μεγέθους
854 938 1066 981 δοθέντι
1103 940 1319 981 ἔλασσόν
1356 929 1486 981 ἐστιν

152 1005 179 1059 ἢ
205 1005 258 1048 ἐν
282 1009 432 1063 λόγῳ,
464 1007 581 1062 ὅταν,
611 1007 926 1063 προστεθέντος
949 1014 1027 1050 τοῦ
1051 1007 1272 1062 δοθέντος,
1297 1009 1344 1050 τὸ
1371 1009 1475 1050 ὅλον
1492 1036 1517 1053 ι,

152 1076 261 1131 πρὸς
289 1076 339 1117 τὸ
370 1076 476 1118 αὐτὸ
506 1078 638 1130 λόγον
668 1079 741 1131 ἔχῃ
773 1075 1017 1132 δεδομένον.
1515 1075 1517 1078 ⁴

84 1147 127 1178 15
243 1144 337 1200 [ιγ’.
379 1145 682 1201 Κατηγμένη
713 1145 830 1188 ε’στὶν
860 1146 886 1201 ἡ
918 1146 1000 1188 ἀπὸ
1031 1146 1266 1201 δεδομένου
1297 1128 1475 1202 σημείου
1518 1147 1520 1150 ’

154 1214 224 1257 ε’πὶ
254 1214 376 1257 θέσει
407 1216 586 1258 εὐθεῖαν
615 1215 802 1271 ἀγομένη
833 1217 984 1258 εὐθεῖα
1014 1215 1060 1258 έν
1091 1215 1298 1272 δεδομένῃ
1327 1219 1475 1273 γωνίᾳ.
1515 1251 1520 1280 1

243 1284 317 1326 ιδ’.
367 1284 643 1340 Ἀνηγμένη
687 1283 803 1326 ἐστὶν
842 1284 869 1338 ἡ
906 1284 989 1327 ἀπὸ
1025 1283 1260 1339 δεδομένου
1297 1288 1475 1340 σημείου
1519 1299 1520 1304 ’

153 1355 262 1410 πρὸς
292 1352 414 1396 θέσει
445 1354 597 1411 εὐθείᾳ
627 1353 814 1409 ἀγομένη
841 1354 992 1396 εὐθεῖα
1022 1354 1069 1396 ἐν
1094 1354 1300 1410 δεδομένῃ
1326 1358 1475 1412 γωνίᾳ.
1494 1366 1520 1405 'p

243 1422 310 1466 ιε’.
359 1424 506 1479 Παρὰ
541 1423 684 1465 θέσει
722 1423 838 1466 ἐστὶν
867 1423 894 1477 ἡ
914 1417 999 1465 ’διὰ
1029 1423 1263 1478 δεδομένου
1295 1427 1475 1479 σημείου

84 1507 130 1538 20
154 1493 276 1536 θέσει
306 1493 457 1550 εὐθείᾳ
486 1493 757 1548 παράλληλος
787 1492 1005 1548 ἀγομένη]
1514 1497 1520 1560 11

793 1660 819 1685 α
840 1676 849 1686 .

219 1755 222 1758 -
250 1728 347 1768 Τῶν
383 1697 628 1780 δεδομένων
664 1729 862 1780 μεγεθῶν
897 1725 920 1767 ὁ
954 1727 1081 1778 λόγος
1117 1724 1139 1766 ὁ
1169 1725 1277 1779 πρὸς
1313 1725 1476 1778 ἄλληλα
1513 1770 1515 1786 1

157 1794 342 1837 δέδοται.
1513 1796 1520 1828 Ι

245 1866 351 1907 ἔστω
386 1864 594 1919 δεδομένα
624 1862 786 1919 μεγέθη
817 1865 869 1906 τὰ
899 1868 953 1918 Λ,
979 1867 1032 1906 Β·
1070 1863 1198 1917 λέγω,
1230 1864 1294 1906 ὅτι
1325 1869 1402 1905 τοῦ
1433 1866 1476 1905 Λ
1500 1856 1520 1916 1

89 1948 132 1980 25
157 1935 266 1989 πρὸς
295 1935 343 1976 τὸ
375 1936 572 1988 Βλόγος
602 1933 691 1976 ε’στὶ
722 1935 880 1983 δοθείς.
1513 1944 1514 1947 ’

1488 2057 1491 2059 “
1511 2058 1515 2074 Ἀ

253 2087 285 2118 2.
320 2081 485 2128 μεγέθει]
518 2093 592 2126 seq.
617 2082 656 2116 in
681 2083 719 2128 β·
755 2082 921 2139 τμήματα
938 2081 1086 2116 οιύκλων
1111 2084 1158 2128 τῷ
1184 2081 1273 2116 εἴδει
1297 2081 1476 2117 δεδόσθαι
1511 2093 1513 2103 ⁴

159 2128 320 2174 λέγεται,
353 2129 392 2164 ἐν
418 2127 473 2170 οἷς
497 2128 536 2163 αἱ
560 2127 691 2174 γωνίαι
714 2126 911 2173 δεδομέναι
934 2126 1012 2163 εἰσί.
1119 2132 1150 2163 6.
1178 2127 1324 2163 ἔλαττον
1349 2128 1431 2163 Vat.
1441 2140 1475 2164 v.
1511 2163 1514 2192 1

210 2180 264 2211 11.
301 2175 319 2209 ἔ
317 2176 377 2222 χῃ]
405 2187 494 2211 corr.
521 2186 564 2210 ex
591 2175 663 2221 ἔχει
686 2187 733 2211 m.
759 2179 779 2210 2
805 2185 837 2210 v.
946 2178 998 2209 12.
1027 2174 1172 2209 ἔλαττον
1197 2174 1279 2209 Vat.
1289 2186 1321 2209 v.
1419 2176 1490 2211 13

160 2222 242 2268 τοῦ]
275 2233 344 2257 om.
371 2223 393 2267 β
426 2224 513 2267 (non
538 2224 583 2266 a)
705 2226 758 2257 16.
797 2221 950 2260 εὐθεῖαν
980 2219 1157 2267 ἀγομένη]
1189 2219 1319 2268 εὐθείᾳ
1342 2220 1365 2265 ἡ
1390 2233 1476 2256 κατ-

161 2266 324 2313 αγομένη
349 2269 382 2314 β
481 2271 533 2303 18.
559 2268 651 2311 πρὸς
668 2266 787 2319 θέσει]
812 2265 1011 2313 προσθείσῃ
1036 2269 1059 2313 β
1083 2270 1168 2312 (non
1188 2269 1233 2312 a).
1330 2265 1475 2314 εὐθείᾳ]
