<?xml version="1.0" encoding="UTF-8"?>
<!DOCTYPE html PUBLIC "-//W3C//DTD XHTML 1.0 Transitional//EN"
    "http://www.w3.org/TR/xhtml1/DTD/xhtml1-transitional.dtd">
<html xmlns="http://www.w3.org/1999/xhtml" xml:lang="en" lang="en">
 <head>
  <title>
</title>
<meta http-equiv="Content-Type" content="text/html;charset=utf-8" />
  <meta name='ocr-system' content='tesseract 3.04.00' />
  <meta name='ocr-capabilities' content='ocr_page ocr_carea ocr_par ocr_line ocrx_word'/>
</head>
<body>
  <div class='ocr_page' id='page_1' title='image "./euclidisoperaomn06eucluoft_0025.png"; bbox 0 0 1520 2508; ppageno 0'>
   <div class='ocr_carea' id='block_1_1' title="bbox 559 59 1421 98">
    <p class='ocr_par' dir='ltr' id='par_1_1' title="bbox 559 59 1421 98">
     <span class='ocr_line' id='line_1_1' title="bbox 559 59 1421 98; baseline -0.005 0"><span class='ocrx_word' id='word_1_1' title='bbox 559 63 929 98; x_wconf 75' lang='lat' dir='ltr'>PROLEGOMENA.</span> <span class='ocrx_word' id='word_1_2' title='bbox 1333 59 1421 94; x_wconf 87' lang='lat' dir='ltr'><strong><em>XXI</em></strong></span> 
     </span>
    </p>
   </div>
   <div class='ocr_carea' id='block_1_2' title="bbox 75 152 1428 2339">
    <p class='ocr_par' dir='ltr' id='par_1_2' title="bbox 75 152 1428 2339">
     <span class='ocr_line' id='line_1_2' title="bbox 79 152 1419 204; baseline -0.007 -6"><span class='ocrx_word' id='word_1_3' title='bbox 79 159 160 198; x_wconf 68' lang='grc' dir='ltr'><strong><em>ἐπεὶ</em></strong></span> <span class='ocrx_word' id='word_1_4' title='bbox 230 163 272 195; x_wconf 89' lang='grc'><strong><em>18</em></strong></span> <span class='ocrx_word' id='word_1_5' title='bbox 300 161 574 195; x_wconf 79' lang='grc' dir='ltr'><strong><em>δοθεῖσα-19</em></strong></span> <span class='ocrx_word' id='word_1_6' title='bbox 599 161 670 193; x_wconf 84' lang='lat' dir='ltr'><strong><em>AA</em></strong></span> <span class='ocrx_word' id='word_1_7' title='bbox 679 158 733 204; x_wconf 93' lang='grc' dir='ltr'><strong><em>Γ]</em></strong></span> <span class='ocrx_word' id='word_1_8' title='bbox 759 168 891 192; x_wconf 84' lang='lat' dir='ltr'>om.m.</span> <span class='ocrx_word' id='word_1_9' title='bbox 908 160 940 202; x_wconf 90' lang='lat'><strong><em>1,</em></strong></span> <span class='ocrx_word' id='word_1_10' title='bbox 965 168 1039 202; x_wconf 90' lang='lat' dir='ltr'><strong><em>mg.</em></strong></span> <span class='ocrx_word' id='word_1_11' title='bbox 1059 168 1106 191; x_wconf 91' lang='lat' dir='ltr'><strong><em>m.</em></strong></span> <span class='ocrx_word' id='word_1_12' title='bbox 1123 159 1162 191; x_wconf 91' lang='lat'><strong><em>2:</em></strong></span> <span class='ocrx_word' id='word_1_13' title='bbox 1189 152 1419 190; x_wconf 78' lang='grc' dir='ltr'><em>καταλείπει·</em></span> 
     </span>
     <span class='ocr_line' id='line_1_3' title="bbox 79 207 1419 258; baseline -0.007 -7"><span class='ocrx_word' id='word_1_14' title='bbox 79 217 234 251; x_wconf 76' lang='grc' dir='ltr'><strong><em>δοθεῖσα</em></strong></span> <span class='ocrx_word' id='word_1_15' title='bbox 259 211 302 249; x_wconf 90' lang='grc' dir='ltr'><strong><em>δέ</em></strong></span> <span class='ocrx_word' id='word_1_16' title='bbox 321 213 419 248; x_wconf 77' lang='grc' dir='ltr'><strong><em>ἐστιν</em></strong></span> <span class='ocrx_word' id='word_1_17' title='bbox 442 211 465 258; x_wconf 82' lang='grc' dir='ltr'>ἡ</span> <span class='ocrx_word' id='word_1_18' title='bbox 488 211 562 247; x_wconf 80' lang='grc' dir='ltr'><strong><em>ὑπὸ</em></strong></span> <span class='ocrx_word' id='word_1_19' title='bbox 581 215 610 246; x_wconf 84' lang='lat' dir='ltr'><em>A</em></span> <span class='ocrx_word' id='word_1_20' title='bbox 618 213 696 246; x_wconf 89' lang='grc' dir='ltr'><strong><em>ΔΓ</em></strong></span> <span class='ocrx_word' id='word_1_21' title='bbox 716 208 834 256; x_wconf 86' lang='grc' dir='ltr'><strong><em>γωνία</em></strong></span> <span class='ocrx_word' id='word_1_22' title='bbox 905 223 940 256; x_wconf 91' lang='lat' dir='ltr'><strong><em>p.</em></strong></span> <span class='ocrx_word' id='word_1_23' title='bbox 964 213 1043 254; x_wconf 89' lang='grc'><strong>196,</strong></span> <span class='ocrx_word' id='word_1_24' title='bbox 1064 213 1108 243; x_wconf 94' lang='grc'><strong><em>22</em></strong></span> <span class='ocrx_word' id='word_1_25' title='bbox 1133 207 1174 256; x_wconf 80' lang='grc' dir='ltr'><strong><em>ἡ]</em></strong></span> <span class='ocrx_word' id='word_1_26' title='bbox 1201 219 1313 254; x_wconf 84' lang='lat' dir='ltr'>supra</span> <span class='ocrx_word' id='word_1_27' title='bbox 1333 208 1419 243; x_wconf 80' lang='lat' dir='ltr'>add.</span> 
     </span>
     <span class='ocr_line' id='line_1_4' title="bbox 122 259 1421 314; baseline -0.005 -11"><span class='ocrx_word' id='word_1_28' title='bbox 122 281 157 314; x_wconf 91' lang='lat' dir='ltr'><strong><em>p.</em></strong></span> <span class='ocrx_word' id='word_1_29' title='bbox 178 270 256 312; x_wconf 86' lang='grc'>198,</span> <span class='ocrx_word' id='word_1_30' title='bbox 278 269 321 301; x_wconf 80' lang='lat'><strong><em>17</em></strong></span> <span class='ocrx_word' id='word_1_31' title='bbox 348 265 483 312; x_wconf 87' lang='grc' dir='ltr'><strong>ΕΖΗ]</strong></span> <span class='ocrx_word' id='word_1_32' title='bbox 512 267 630 300; x_wconf 90' lang='grc' dir='ltr'><strong><em>ΖΕΗ</em></strong></span> <span class='ocrx_word' id='word_1_33' title='bbox 699 267 743 299; x_wconf 92' lang='grc'><strong><em>20</em></strong></span> <span class='ocrx_word' id='word_1_34' title='bbox 770 261 871 310; x_wconf 79' lang='grc' dir='ltr'><strong><em>ἐπεί]</em></strong></span> <span class='ocrx_word' id='word_1_35' title='bbox 896 263 961 299; x_wconf 76' lang='grc' dir='ltr'><strong><em>καὶ</em></strong></span> <span class='ocrx_word' id='word_1_36' title='bbox 984 262 1063 299; x_wconf 78' lang='grc' dir='ltr'><strong><em>ἐπεί</em></strong></span> <span class='ocrx_word' id='word_1_37' title='bbox 1135 275 1170 309; x_wconf 78' lang='lat' dir='ltr'><strong><em>p.</em></strong></span> <span class='ocrx_word' id='word_1_38' title='bbox 1192 266 1271 307; x_wconf 93' lang='lat'>200,</span> <span class='ocrx_word' id='word_1_39' title='bbox 1294 265 1312 296; x_wconf 92' lang='lat'>1</span> <span class='ocrx_word' id='word_1_40' title='bbox 1333 259 1421 307; x_wconf 79' lang='grc' dir='ltr'><strong><em>καί]</em></strong></span> 
     </span>
     <span class='ocr_line' id='line_1_5' title="bbox 77 315 1420 365; baseline -0.005 -8"><span class='ocrx_word' id='word_1_41' title='bbox 77 322 161 357; x_wconf 80' lang='lat' dir='ltr'>add.</span> <span class='ocrx_word' id='word_1_42' title='bbox 248 325 271 356; x_wconf 94' lang='lat'>4</span> <span class='ocrx_word' id='word_1_43' title='bbox 298 322 369 355; x_wconf 91' lang='lat' dir='ltr'><strong><em>EZ</em></strong></span> <span class='ocrx_word' id='word_1_44' title='bbox 388 319 492 365; x_wconf 90' lang='lat' dir='ltr'>(pr.)]</span> <span class='ocrx_word' id='word_1_45' title='bbox 516 318 586 364; x_wconf 88' lang='grc' dir='ltr'><strong><em>τὴν</em></strong></span> <span class='ocrx_word' id='word_1_46' title='bbox 612 320 682 353; x_wconf 94' lang='grc' dir='ltr'><strong><em>ΕΖ</em></strong></span> <span class='ocrx_word' id='word_1_47' title='bbox 774 321 794 352; x_wconf 90' lang='grc'>9</span> <span class='ocrx_word' id='word_1_48' title='bbox 821 315 896 363; x_wconf 80' lang='grc' dir='ltr'><strong><em>ἴση]</em></strong></span> <span class='ocrx_word' id='word_1_49' title='bbox 924 315 983 362; x_wconf 77' lang='grc' dir='ltr'><strong><em>ἴση</em></strong></span> <span class='ocrx_word' id='word_1_50' title='bbox 1009 315 1031 362; x_wconf 87' lang='grc' dir='ltr'>ἡ</span> <span class='ocrx_word' id='word_1_51' title='bbox 1058 320 1128 351; x_wconf 89' lang='grc' dir='ltr'><strong><em>ΛΔ</em></strong></span> <span class='ocrx_word' id='word_1_52' title='bbox 1220 319 1264 351; x_wconf 85' lang='grc'><strong><em>15</em></strong></span> <span class='ocrx_word' id='word_1_53' title='bbox 1290 315 1420 361; x_wconf 86' lang='grc' dir='ltr'><strong><em>ΒΑΓ]</em></strong></span> 
     </span>
     <span class='ocr_line' id='line_1_6' title="bbox 78 369 1422 420; baseline -0.005 -10"><span class='ocrx_word' id='word_1_54' title='bbox 78 377 188 410; x_wconf 86' lang='grc' dir='ltr'><strong><em>ΒΑΓ</em></strong></span> <span class='ocrx_word' id='word_1_55' title='bbox 206 372 324 420; x_wconf 82' lang='grc' dir='ltr'><strong><em>γωνία</em></strong></span> <span class='ocrx_word' id='word_1_56' title='bbox 397 377 440 407; x_wconf 94' lang='grc'><strong><em>22</em></strong></span> <span class='ocrx_word' id='word_1_57' title='bbox 467 370 568 419; x_wconf 79' lang='grc' dir='ltr'><strong><em>ἐπεί]</em></strong></span> <span class='ocrx_word' id='word_1_58' title='bbox 588 371 653 407; x_wconf 82' lang='grc' dir='ltr'><strong><em>καὶ</em></strong></span> <span class='ocrx_word' id='word_1_59' title='bbox 672 369 752 406; x_wconf 83' lang='grc' dir='ltr'><strong><em>ἐπεί</em></strong></span> <span class='ocrx_word' id='word_1_60' title='bbox 823 383 860 416; x_wconf 92' lang='lat' dir='ltr'><strong><em>p.</em></strong></span> <span class='ocrx_word' id='word_1_61' title='bbox 881 374 961 415; x_wconf 91' lang='grc'>202,</span> <span class='ocrx_word' id='word_1_62' title='bbox 983 374 1001 404; x_wconf 96' lang='grc'><strong><em>1</em></strong></span> <span class='ocrx_word' id='word_1_63' title='bbox 1030 370 1122 416; x_wconf 91' lang='grc' dir='ltr'><strong><em>ΒΓ]</em></strong></span> <span class='ocrx_word' id='word_1_64' title='bbox 1148 380 1238 404; x_wconf 82' lang='lat' dir='ltr'>corr.</span> <span class='ocrx_word' id='word_1_65' title='bbox 1253 380 1299 404; x_wconf 84' lang='lat' dir='ltr'>ex</span> <span class='ocrx_word' id='word_1_66' title='bbox 1319 371 1422 404; x_wconf 88' lang='grc' dir='ltr'><strong><em>ΒΓΔ</em></strong></span> 
     </span>
     <span class='ocr_line' id='line_1_7' title="bbox 120 423 1422 474; baseline -0.005 -11"><span class='ocrx_word' id='word_1_67' title='bbox 120 441 156 474; x_wconf 85' lang='lat' dir='ltr'><strong><em>p.</em></strong></span> <span class='ocrx_word' id='word_1_68' title='bbox 172 431 251 472; x_wconf 86' lang='lat'>204,</span> <span class='ocrx_word' id='word_1_69' title='bbox 267 431 285 462; x_wconf 93' lang='lat'>1</span> <span class='ocrx_word' id='word_1_70' title='bbox 306 427 386 473; x_wconf 85' lang='grc' dir='ltr'><strong><em>τῆς]</em></strong></span> <span class='ocrx_word' id='word_1_71' title='bbox 406 438 496 462; x_wconf 86' lang='lat' dir='ltr'>corr.</span> <span class='ocrx_word' id='word_1_72' title='bbox 511 437 556 461; x_wconf 86' lang='lat' dir='ltr'>ex</span> <span class='ocrx_word' id='word_1_73' title='bbox 568 431 642 460; x_wconf 85' lang='grc' dir='ltr'><strong><em>τῶν</em></strong></span> <span class='ocrx_word' id='word_1_74' title='bbox 717 429 759 459; x_wconf 92' lang='grc'><strong><em>11</em></strong></span> <span class='ocrx_word' id='word_1_75' title='bbox 780 424 943 470; x_wconf 82' lang='grc' dir='ltr'><strong>πρώτου]</strong></span> <span class='ocrx_word' id='word_1_76' title='bbox 963 423 1035 468; x_wconf 87' lang='grc' dir='ltr'><strong><em>πρὸ</em></strong></span> <span class='ocrx_word' id='word_1_77' title='bbox 1047 423 1181 458; x_wconf 83' lang='grc' dir='ltr'><strong><em>τούτου</em></strong></span> <span class='ocrx_word' id='word_1_78' title='bbox 1253 435 1289 468; x_wconf 89' lang='lat' dir='ltr'><strong><em>p.</em></strong></span> <span class='ocrx_word' id='word_1_79' title='bbox 1304 425 1384 466; x_wconf 86' lang='grc'>206,</span> <span class='ocrx_word' id='word_1_80' title='bbox 1399 426 1422 456; x_wconf 88' lang='lat'>4</span> 
     </span>
     <span class='ocr_line' id='line_1_8' title="bbox 75 475 1420 528; baseline -0.005 -11"><span class='ocrx_word' id='word_1_81' title='bbox 75 480 161 528; x_wconf 79' lang='grc' dir='ltr'><strong><em>γάρ]</em></strong></span> <span class='ocrx_word' id='word_1_82' title='bbox 187 481 258 516; x_wconf 85' lang='lat' dir='ltr'>del.</span> <span class='ocrx_word' id='word_1_83' title='bbox 356 484 376 516; x_wconf 86' lang='lat'>8</span> <span class='ocrx_word' id='word_1_84' title='bbox 402 478 566 526; x_wconf 82' lang='grc' dir='ltr'><strong><em>ἡμίσεια]</em></strong></span> <span class='ocrx_word' id='word_1_85' title='bbox 594 490 683 514; x_wconf 85' lang='lat' dir='ltr'>corr.</span> <span class='ocrx_word' id='word_1_86' title='bbox 711 489 756 513; x_wconf 85' lang='lat' dir='ltr'>ex</span> <span class='ocrx_word' id='word_1_87' title='bbox 782 475 918 522; x_wconf 83' lang='grc' dir='ltr'><strong><em>ἱμίσεια</em></strong></span> <span class='ocrx_word' id='word_1_88' title='bbox 1009 481 1055 511; x_wconf 90' lang='grc'><strong><em>24</em></strong></span> <span class='ocrx_word' id='word_1_89' title='bbox 1080 475 1169 523; x_wconf 77' lang='grc' dir='ltr'><strong><em>ἄρα]</em></strong></span> <span class='ocrx_word' id='word_1_90' title='bbox 1197 487 1309 522; x_wconf 78' lang='lat' dir='ltr'>supra</span> <span class='ocrx_word' id='word_1_91' title='bbox 1334 475 1420 511; x_wconf 81' lang='lat' dir='ltr'>add.</span> 
     </span>
     <span class='ocr_line' id='line_1_9' title="bbox 122 528 1422 581; baseline -0.005 -11"><span class='ocrx_word' id='word_1_92' title='bbox 122 538 166 570; x_wconf 87' lang='lat'><strong><em>25</em></strong></span> <span class='ocrx_word' id='word_1_93' title='bbox 190 534 254 581; x_wconf 90' lang='grc' dir='ltr'><strong><em>τό]</em></strong></span> <span class='ocrx_word' id='word_1_94' title='bbox 279 534 320 570; x_wconf 88' lang='grc' dir='ltr'><strong><em>τὸ</em></strong></span> <span class='ocrx_word' id='word_1_95' title='bbox 345 536 456 569; x_wconf 91' lang='grc' dir='ltr'><strong><em>ΑΒΓ</em></strong></span> <span class='ocrx_word' id='word_1_96' title='bbox 545 546 580 579; x_wconf 89' lang='lat' dir='ltr'><strong><em>p.</em></strong></span> <span class='ocrx_word' id='word_1_97' title='bbox 602 535 682 577; x_wconf 85' lang='lat'>208,</span> <span class='ocrx_word' id='word_1_98' title='bbox 703 535 725 566; x_wconf 88' lang='lat'>4</span> <span class='ocrx_word' id='word_1_99' title='bbox 755 530 802 578; x_wconf 78' lang='grc' dir='ltr'><strong><em>ἡ]</em></strong></span> <span class='ocrx_word' id='word_1_100' title='bbox 834 529 856 576; x_wconf 83' lang='grc' dir='ltr'>ἡ</span> <span class='ocrx_word' id='word_1_101' title='bbox 882 530 975 574; x_wconf 85' lang='grc' dir='ltr'><strong><em>πρὸς</em></strong></span> <span class='ocrx_word' id='word_1_102' title='bbox 999 533 1048 577; x_wconf 81' lang='grc' dir='ltr'><strong><em>τῷ</em></strong></span> <span class='ocrx_word' id='word_1_103' title='bbox 1147 533 1191 564; x_wconf 95' lang='grc'><strong><em>10</em></strong></span> <span class='ocrx_word' id='word_1_104' title='bbox 1224 528 1325 576; x_wconf 79' lang='grc' dir='ltr'><strong><em>ἐπεί]</em></strong></span> <span class='ocrx_word' id='word_1_105' title='bbox 1357 529 1422 565; x_wconf 79' lang='grc' dir='ltr'><strong><em>καὶ</em></strong></span> 
     </span>
     <span class='ocr_line' id='line_1_10' title="bbox 76 582 1422 634; baseline -0.005 -10"><span class='ocrx_word' id='word_1_106' title='bbox 76 586 157 624; x_wconf 78' lang='grc' dir='ltr'><strong><em>ἐπεί</em></strong></span> <span class='ocrx_word' id='word_1_107' title='bbox 229 592 273 622; x_wconf 90' lang='grc'><strong><em>22</em></strong></span> <span class='ocrx_word' id='word_1_108' title='bbox 300 588 474 634; x_wconf 77' lang='grc' dir='ltr'><strong><em>δοθεῖσα]</em></strong></span> <span class='ocrx_word' id='word_1_109' title='bbox 500 597 612 632; x_wconf 82' lang='lat' dir='ltr'>supra</span> <span class='ocrx_word' id='word_1_110' title='bbox 638 585 724 621; x_wconf 87' lang='lat' dir='ltr'>add.</span> <span class='ocrx_word' id='word_1_111' title='bbox 804 588 848 619; x_wconf 87' lang='grc'><strong><em>23</em></strong></span> <span class='ocrx_word' id='word_1_112' title='bbox 874 584 999 630; x_wconf 88' lang='grc' dir='ltr'><strong><em>ΔΓΑ]</em></strong></span> <span class='ocrx_word' id='word_1_113' title='bbox 1024 586 1128 618; x_wconf 88' lang='grc' dir='ltr'><strong><em>ΑΓΔ</em></strong></span> <span class='ocrx_word' id='word_1_114' title='bbox 1204 587 1248 618; x_wconf 90' lang='grc'><strong><em>26</em></strong></span> <span class='ocrx_word' id='word_1_115' title='bbox 1274 584 1355 629; x_wconf 87' lang='grc' dir='ltr'><strong><em>τοῦ]</em></strong></span> <span class='ocrx_word' id='word_1_116' title='bbox 1381 582 1422 618; x_wconf 87' lang='grc' dir='ltr'><strong><em>τό</em></strong></span> 
     </span>
     <span class='ocr_line' id='line_1_11' title="bbox 123 635 1422 688; baseline -0.005 -11"><span class='ocrx_word' id='word_1_117' title='bbox 123 655 158 688; x_wconf 90' lang='lat' dir='ltr'><strong><em>p.</em></strong></span> <span class='ocrx_word' id='word_1_118' title='bbox 179 645 259 687; x_wconf 89' lang='grc'><strong><em>210,</em></strong></span> <span class='ocrx_word' id='word_1_119' title='bbox 280 645 300 676; x_wconf 88' lang='grc'><strong>3</strong></span> <span class='ocrx_word' id='word_1_120' title='bbox 326 642 408 688; x_wconf 91' lang='grc' dir='ltr'><strong><em>ΑΒ]</em></strong></span> <span class='ocrx_word' id='word_1_121' title='bbox 433 644 498 676; x_wconf 88' lang='lat' dir='ltr'><strong><em>AB</em></strong></span> <span class='ocrx_word' id='word_1_122' title='bbox 518 640 592 685; x_wconf 76' lang='grc' dir='ltr'><strong><em>ἄρα</em></strong></span> <span class='ocrx_word' id='word_1_123' title='bbox 666 643 710 673; x_wconf 89' lang='grc'><strong><em>26</em></strong></span> <span class='ocrx_word' id='word_1_124' title='bbox 736 638 862 685; x_wconf 85' lang='grc' dir='ltr'><strong><em>λοιπή]</em></strong></span> <span class='ocrx_word' id='word_1_125' title='bbox 883 648 972 673; x_wconf 82' lang='lat' dir='ltr'>corr.</span> <span class='ocrx_word' id='word_1_126' title='bbox 987 648 1033 672; x_wconf 82' lang='lat' dir='ltr'>ex</span> <span class='ocrx_word' id='word_1_127' title='bbox 1051 635 1182 672; x_wconf 88' lang='grc' dir='ltr'><strong><em>λοιπόν</em></strong></span> <span class='ocrx_word' id='word_1_128' title='bbox 1254 649 1289 682; x_wconf 91' lang='lat' dir='ltr'><strong><em>p.</em></strong></span> <span class='ocrx_word' id='word_1_129' title='bbox 1305 640 1385 680; x_wconf 89' lang='lat'>212,</span> <span class='ocrx_word' id='word_1_130' title='bbox 1400 639 1422 670; x_wconf 92' lang='grc'>8</span> 
     </span>
     <span class='ocr_line' id='line_1_12' title="bbox 77 690 1422 742; baseline -0.006 -11"><span class='ocrx_word' id='word_1_131' title='bbox 77 698 163 740; x_wconf 89' lang='grc' dir='ltr'>ΑΒ,</span> <span class='ocrx_word' id='word_1_132' title='bbox 184 696 275 742; x_wconf 91' lang='grc' dir='ltr'><strong><em>ΓΕ]</em></strong></span> <span class='ocrx_word' id='word_1_133' title='bbox 301 698 381 739; x_wconf 87' lang='grc' dir='ltr'><strong><em>ΑΓ,</em></strong></span> <span class='ocrx_word' id='word_1_134' title='bbox 400 697 464 729; x_wconf 91' lang='lat' dir='ltr'><strong><em>AB</em></strong></span> <span class='ocrx_word' id='word_1_135' title='bbox 545 697 587 728; x_wconf 90' lang='lat'><strong><em>11</em></strong></span> <span class='ocrx_word' id='word_1_136' title='bbox 618 693 707 740; x_wconf 90' lang='grc' dir='ltr'><strong><em>ΖΓ]</em></strong></span> <span class='ocrx_word' id='word_1_137' title='bbox 734 703 824 728; x_wconf 85' lang='lat' dir='ltr'>corr.</span> <span class='ocrx_word' id='word_1_138' title='bbox 851 702 896 726; x_wconf 87' lang='lat' dir='ltr'>ex</span> <span class='ocrx_word' id='word_1_139' title='bbox 923 693 991 726; x_wconf 90' lang='grc' dir='ltr'><strong><em>ΓΖ</em></strong></span> <span class='ocrx_word' id='word_1_140' title='bbox 1086 703 1121 736; x_wconf 88' lang='lat' dir='ltr'><strong><em>p.</em></strong></span> <span class='ocrx_word' id='word_1_141' title='bbox 1142 694 1223 735; x_wconf 87' lang='lat'>214,</span> <span class='ocrx_word' id='word_1_142' title='bbox 1244 694 1264 724; x_wconf 88' lang='grc'>2</span> <span class='ocrx_word' id='word_1_143' title='bbox 1290 690 1422 736; x_wconf 88' lang='grc' dir='ltr'><strong><em>ΑΒΓ]</em></strong></span> 
     </span>
     <span class='ocr_line' id='line_1_13' title="bbox 77 743 1423 792; baseline -0.004 -9"><span class='ocrx_word' id='word_1_144' title='bbox 77 759 166 783; x_wconf 83' lang='lat' dir='ltr'>corr.</span> <span class='ocrx_word' id='word_1_145' title='bbox 187 758 232 783; x_wconf 81' lang='lat' dir='ltr'>ex</span> <span class='ocrx_word' id='word_1_146' title='bbox 256 749 368 782; x_wconf 82' lang='lat' dir='ltr'><strong><em>ABE</em></strong></span> <span class='ocrx_word' id='word_1_147' title='bbox 439 751 462 781; x_wconf 98' lang='lat'>4</span> <span class='ocrx_word' id='word_1_148' title='bbox 487 745 576 792; x_wconf 77' lang='grc' dir='ltr'><strong><em>ἄρα]</em></strong></span> <span class='ocrx_word' id='word_1_149' title='bbox 603 745 676 790; x_wconf 79' lang='grc' dir='ltr'><strong><em>ἄρα</em></strong></span> <span class='ocrx_word' id='word_1_150' title='bbox 697 743 771 779; x_wconf 79' lang='grc' dir='ltr'><strong><em>ἐστί</em></strong></span> <span class='ocrx_word' id='word_1_151' title='bbox 846 749 888 779; x_wconf 88' lang='grc'><strong><em>10</em></strong></span> <span class='ocrx_word' id='word_1_152' title='bbox 917 745 1000 791; x_wconf 90' lang='grc' dir='ltr'><strong><em>ΓΒ]</em></strong></span> <span class='ocrx_word' id='word_1_153' title='bbox 1027 746 1101 779; x_wconf 89' lang='grc' dir='ltr'><strong><em>ΒΓ</em></strong></span> <span class='ocrx_word' id='word_1_154' title='bbox 1168 747 1211 778; x_wconf 87' lang='grc'><strong><em>21</em></strong></span> <span class='ocrx_word' id='word_1_155' title='bbox 1242 744 1333 790; x_wconf 90' lang='grc' dir='ltr'><strong><em>ΓΕ]</em></strong></span> <span class='ocrx_word' id='word_1_156' title='bbox 1353 743 1423 789; x_wconf 86' lang='grc' dir='ltr'><strong><em>τὴν</em></strong></span> 
     </span>
     <span class='ocr_line' id='line_1_14' title="bbox 78 798 1423 846; baseline -0.004 -10"><span class='ocrx_word' id='word_1_157' title='bbox 78 803 150 836; x_wconf 92' lang='grc' dir='ltr'><strong><em>ΓΕ</em></strong></span> <span class='ocrx_word' id='word_1_158' title='bbox 239 813 274 846; x_wconf 87' lang='lat' dir='ltr'><strong><em>p.</em></strong></span> <span class='ocrx_word' id='word_1_159' title='bbox 296 803 375 844; x_wconf 88' lang='grc'>216,</span> <span class='ocrx_word' id='word_1_160' title='bbox 396 802 416 834; x_wconf 87' lang='lat'><strong>3</strong></span> <span class='ocrx_word' id='word_1_161' title='bbox 445 800 524 845; x_wconf 91' lang='lat' dir='ltr'><strong><em>ZA]</em></strong></span> <span class='ocrx_word' id='word_1_162' title='bbox 549 801 617 833; x_wconf 90' lang='lat' dir='ltr'><strong><em>AZ</em></strong></span> <span class='ocrx_word' id='word_1_163' title='bbox 689 802 710 833; x_wconf 93' lang='grc'>6</span> <span class='ocrx_word' id='word_1_164' title='bbox 736 804 801 834; x_wconf 87' lang='grc' dir='ltr'><strong><em>τοῦ</em></strong></span> <span class='ocrx_word' id='word_1_165' title='bbox 827 798 918 845; x_wconf 82' lang='grc' dir='ltr'><strong><em>ὑπό]</em></strong></span> <span class='ocrx_word' id='word_1_166' title='bbox 944 798 1030 833; x_wconf 80' lang='lat' dir='ltr'>add.</span> <span class='ocrx_word' id='word_1_167' title='bbox 1122 810 1157 843; x_wconf 87' lang='lat' dir='ltr'><strong><em>p.</em></strong></span> <span class='ocrx_word' id='word_1_168' title='bbox 1179 801 1259 842; x_wconf 88' lang='grc'>218,</span> <span class='ocrx_word' id='word_1_169' title='bbox 1280 801 1301 831; x_wconf 91' lang='grc'><strong>3</strong></span> <span class='ocrx_word' id='word_1_170' title='bbox 1327 798 1368 832; x_wconf 88' lang='grc' dir='ltr'><strong><em>τὸ</em></strong></span> <span class='ocrx_word' id='word_1_171' title='bbox 1393 800 1423 831; x_wconf 87' lang='lat' dir='ltr'><em>A</em></span> 
     </span>
     <span class='ocr_line' id='line_1_15' title="bbox 78 848 1423 901; baseline -0.002 -12"><span class='ocrx_word' id='word_1_172' title='bbox 78 854 169 901; x_wconf 82' lang='grc' dir='ltr'><strong><em>ἄρα]</em></strong></span> <span class='ocrx_word' id='word_1_173' title='bbox 193 854 235 889; x_wconf 87' lang='grc' dir='ltr'><strong><em>τὸ</em></strong></span> <span class='ocrx_word' id='word_1_174' title='bbox 260 853 334 898; x_wconf 79' lang='grc' dir='ltr'><strong><em>ἄρα</em></strong></span> <span class='ocrx_word' id='word_1_175' title='bbox 359 864 406 887; x_wconf 89' lang='lat' dir='ltr'><strong><em>m.</em></strong></span> <span class='ocrx_word' id='word_1_176' title='bbox 429 856 460 897; x_wconf 90' lang='lat'><strong><em>1,</em></strong></span> <span class='ocrx_word' id='word_1_177' title='bbox 485 852 526 887; x_wconf 88' lang='grc' dir='ltr'><strong><em>τὸ</em></strong></span> <span class='ocrx_word' id='word_1_178' title='bbox 553 851 628 896; x_wconf 79' lang='grc' dir='ltr'><strong><em>ἄρα</em></strong></span> <span class='ocrx_word' id='word_1_179' title='bbox 651 855 681 886; x_wconf 90' lang='lat' dir='ltr'><em>A</em></span> <span class='ocrx_word' id='word_1_180' title='bbox 705 864 753 887; x_wconf 90' lang='lat' dir='ltr'><strong><em>m.</em></strong></span> <span class='ocrx_word' id='word_1_181' title='bbox 774 855 795 886; x_wconf 89' lang='grc'>2</span> <span class='ocrx_word' id='word_1_182' title='bbox 876 856 899 887; x_wconf 87' lang='grc'>4</span> <span class='ocrx_word' id='word_1_183' title='bbox 924 851 961 894; x_wconf 78' lang='grc' dir='ltr'><strong><em>ἐξ</em></strong></span> <span class='ocrx_word' id='word_1_184' title='bbox 988 848 1032 887; x_wconf 83' lang='grc' dir='ltr'><strong><em>οὗ</em></strong></span> <span class='ocrx_word' id='word_1_185' title='bbox 1058 849 1103 887; x_wconf 83' lang='grc' dir='ltr'><strong><em>ὃν</em></strong></span> <span class='ocrx_word' id='word_1_186' title='bbox 1131 851 1205 898; x_wconf 79' lang='grc' dir='ltr'><strong><em>ἔχει</em></strong></span> <span class='ocrx_word' id='word_1_187' title='bbox 1228 850 1355 897; x_wconf 89' lang='grc' dir='ltr'><strong><em>λόγον]</em></strong></span> <span class='ocrx_word' id='word_1_188' title='bbox 1383 849 1423 886; x_wconf 74' lang='grc' dir='ltr'><strong><em>ἔκ</em></strong></span> 
     </span>
     <span class='ocr_line' id='line_1_16' title="bbox 77 904 1423 952; baseline -0.003 -9"><span class='ocrx_word' id='word_1_189' title='bbox 77 920 115 943; x_wconf 88' lang='grc' dir='ltr'><strong><em>τε</em></strong></span> <span class='ocrx_word' id='word_1_190' title='bbox 140 913 206 943; x_wconf 82' lang='grc' dir='ltr'><strong><em>τοῦ</em></strong></span> <span class='ocrx_word' id='word_1_191' title='bbox 231 906 341 952; x_wconf 89' lang='grc' dir='ltr'><strong><em>λόγου</em></strong></span> <span class='ocrx_word' id='word_1_192' title='bbox 367 904 410 942; x_wconf 85' lang='grc' dir='ltr'><strong><em>ὃν</em></strong></span> <span class='ocrx_word' id='word_1_193' title='bbox 438 905 511 952; x_wconf 80' lang='grc' dir='ltr'><strong><em>ἔχει</em></strong></span> <span class='ocrx_word' id='word_1_194' title='bbox 603 909 621 940; x_wconf 81' lang='grc'><strong>7</strong></span> <span class='ocrx_word' id='word_1_195' title='bbox 649 905 689 941; x_wconf 79' lang='grc' dir='ltr'><strong><em>ἐκ</em></strong></span> <span class='ocrx_word' id='word_1_196' title='bbox 714 906 796 952; x_wconf 81' lang='grc' dir='ltr'><strong><em>τοῦ]</em></strong></span> <span class='ocrx_word' id='word_1_197' title='bbox 826 905 865 942; x_wconf 80' lang='grc' dir='ltr'><strong><em>ἔκ</em></strong></span> <span class='ocrx_word' id='word_1_198' title='bbox 889 917 928 940; x_wconf 88' lang='grc' dir='ltr'><strong><em>τε</em></strong></span> <span class='ocrx_word' id='word_1_199' title='bbox 954 910 1019 940; x_wconf 79' lang='grc' dir='ltr'><strong><em>τοῦ</em></strong></span> <span class='ocrx_word' id='word_1_200' title='bbox 1044 904 1165 950; x_wconf 88' lang='grc' dir='ltr'><strong><em>λόγου,</em></strong></span> <span class='ocrx_word' id='word_1_201' title='bbox 1192 904 1285 940; x_wconf 70' lang='lat' dir='ltr'>item</span> <span class='ocrx_word' id='word_1_202' title='bbox 1309 904 1374 939; x_wconf 91' lang='lat' dir='ltr'>lin.</span> <span class='ocrx_word' id='word_1_203' title='bbox 1401 907 1423 938; x_wconf 89' lang='lat'>8</span> 
     </span>
     <span class='ocr_line' id='line_1_17' title="bbox 125 957 1426 1007; baseline -0.002 -12"><span class='ocrx_word' id='word_1_204' title='bbox 125 964 169 995; x_wconf 88' lang='lat'><strong><em>10</em></strong></span> <span class='ocrx_word' id='word_1_205' title='bbox 195 959 232 1003; x_wconf 79' lang='grc' dir='ltr'><strong><em>ἐξ</em></strong></span> <span class='ocrx_word' id='word_1_206' title='bbox 257 957 318 1007; x_wconf 80' lang='grc' dir='ltr'><strong><em>οὗ]</em></strong></span> <span class='ocrx_word' id='word_1_207' title='bbox 345 959 385 995; x_wconf 78' lang='grc' dir='ltr'><strong><em>ἐκ</em></strong></span> <span class='ocrx_word' id='word_1_208' title='bbox 409 965 474 995; x_wconf 90' lang='grc' dir='ltr'><strong><em>τοῦ</em></strong></span> <span class='ocrx_word' id='word_1_209' title='bbox 562 963 604 994; x_wconf 88' lang='grc'>15</span> <span class='ocrx_word' id='word_1_210' title='bbox 630 958 737 1004; x_wconf 77' lang='grc' dir='ltr'><strong><em>λόγος</em></strong></span> <span class='ocrx_word' id='word_1_211' title='bbox 756 960 854 1006; x_wconf 91' lang='lat' dir='ltr'>(pr.)]</span> <span class='ocrx_word' id='word_1_212' title='bbox 880 958 987 1004; x_wconf 88' lang='grc' dir='ltr'><strong><em>λόγος</em></strong></span> <span class='ocrx_word' id='word_1_213' title='bbox 1012 958 1091 994; x_wconf 80' lang='grc' dir='ltr'><strong><em>ἐστί</em></strong></span> <span class='ocrx_word' id='word_1_214' title='bbox 1169 962 1213 993; x_wconf 87' lang='grc'>26</span> <span class='ocrx_word' id='word_1_215' title='bbox 1240 959 1333 1005; x_wconf 93' lang='grc' dir='ltr'><strong><em>ΒΓ]</em></strong></span> <span class='ocrx_word' id='word_1_216' title='bbox 1359 963 1426 1003; x_wconf 89' lang='grc' dir='ltr'><strong><em>τῆς</em></strong></span> 
     </span>
     <span class='ocr_line' id='line_1_18' title="bbox 77 1010 1425 1059; baseline -0.001 -10"><span class='ocrx_word' id='word_1_217' title='bbox 77 1017 150 1049; x_wconf 89' lang='grc' dir='ltr'><strong><em>ΒΓ</em></strong></span> <span class='ocrx_word' id='word_1_218' title='bbox 240 1026 275 1059; x_wconf 88' lang='lat' dir='ltr'><strong><em>p.</em></strong></span> <span class='ocrx_word' id='word_1_219' title='bbox 296 1017 376 1058; x_wconf 88' lang='grc'>220,</span> <span class='ocrx_word' id='word_1_220' title='bbox 397 1017 417 1047; x_wconf 89' lang='grc'>2</span> <span class='ocrx_word' id='word_1_221' title='bbox 448 1012 489 1048; x_wconf 92' lang='grc' dir='ltr'><strong><em>τό</em></strong></span> <span class='ocrx_word' id='word_1_222' title='bbox 510 1013 614 1059; x_wconf 89' lang='lat' dir='ltr'>(pr.)]</span> <span class='ocrx_word' id='word_1_223' title='bbox 641 1012 726 1048; x_wconf 81' lang='lat' dir='ltr'>add.</span> <span class='ocrx_word' id='word_1_224' title='bbox 826 1016 869 1048; x_wconf 88' lang='grc'>19</span> <span class='ocrx_word' id='word_1_225' title='bbox 894 1013 981 1058; x_wconf 79' lang='lat' dir='ltr'>post</span> <span class='ocrx_word' id='word_1_226' title='bbox 1005 1010 1222 1058; x_wconf 85' lang='grc' dir='ltr'><strong><em>περιέχωσιν</em></strong></span> <span class='ocrx_word' id='word_1_227' title='bbox 1248 1011 1333 1047; x_wconf 84' lang='lat' dir='ltr'>add.</span> <span class='ocrx_word' id='word_1_228' title='bbox 1361 1013 1425 1047; x_wconf 89' lang='grc' dir='ltr'><strong><em>δο-</em></strong></span> 
     </span>
     <span class='ocr_line' id='line_1_19' title="bbox 75 1064 1425 1112; baseline -0.002 -9"><span class='ocrx_word' id='word_1_229' title='bbox 75 1066 186 1103; x_wconf 85' lang='grc' dir='ltr'><strong><em>θέντι</em></strong></span> <span class='ocrx_word' id='word_1_230' title='bbox 211 1068 356 1112; x_wconf 81' lang='lat' dir='ltr'>(comp.)</span> <span class='ocrx_word' id='word_1_231' title='bbox 438 1070 481 1100; x_wconf 92' lang='grc'>21</span> <span class='ocrx_word' id='word_1_232' title='bbox 511 1065 611 1101; x_wconf 76' lang='grc' dir='ltr'><strong><em>ἔσται</em></strong></span> <span class='ocrx_word' id='word_1_233' title='bbox 635 1067 809 1112; x_wconf 79' lang='grc' dir='ltr'><strong><em>δοθεῖσα]</em></strong></span> <span class='ocrx_word' id='word_1_234' title='bbox 835 1067 994 1100; x_wconf 78' lang='grc' dir='ltr'><strong><em>δοθεῖσα</em></strong></span> <span class='ocrx_word' id='word_1_235' title='bbox 1021 1064 1121 1100; x_wconf 78' lang='grc' dir='ltr'><strong><em>ἔσται</em></strong></span> <span class='ocrx_word' id='word_1_236' title='bbox 1194 1069 1240 1100; x_wconf 82' lang='grc'><strong><em>24</em></strong></span> <span class='ocrx_word' id='word_1_237' title='bbox 1263 1065 1305 1100; x_wconf 90' lang='grc' dir='ltr'><strong><em>τὸ</em></strong></span> <span class='ocrx_word' id='word_1_238' title='bbox 1330 1066 1425 1112; x_wconf 85' lang='grc' dir='ltr'><strong><em>ΑΓ]</em></strong></span> 
     </span>
     <span class='ocr_line' id='line_1_20' title="bbox 79 1117 1426 1166; baseline -0.001 -10"><span class='ocrx_word' id='word_1_239' title='bbox 79 1132 150 1156; x_wconf 90' lang='lat' dir='ltr'><strong><em>om.</em></strong></span> <span class='ocrx_word' id='word_1_240' title='bbox 217 1120 307 1166; x_wconf 86' lang='grc' dir='ltr'><strong><em>τῶν]</em></strong></span> <span class='ocrx_word' id='word_1_241' title='bbox 327 1130 397 1154; x_wconf 90' lang='lat' dir='ltr'><strong><em>om.</em></strong></span> <span class='ocrx_word' id='word_1_242' title='bbox 471 1122 516 1153; x_wconf 87' lang='lat'><strong><em>25</em></strong></span> <span class='ocrx_word' id='word_1_243' title='bbox 541 1124 606 1154; x_wconf 84' lang='grc' dir='ltr'><strong><em>τοῦ</em></strong></span> <span class='ocrx_word' id='word_1_244' title='bbox 626 1118 701 1154; x_wconf 85' lang='grc' dir='ltr'><strong><em>ἀπὸ</em></strong></span> <span class='ocrx_word' id='word_1_245' title='bbox 720 1124 785 1164; x_wconf 80' lang='grc' dir='ltr'><strong><em>τῆς</em></strong></span> <span class='ocrx_word' id='word_1_246' title='bbox 805 1119 897 1164; x_wconf 91' lang='grc' dir='ltr'><strong><em>ΒΓ]</em></strong></span> <span class='ocrx_word' id='word_1_247' title='bbox 925 1118 1010 1154; x_wconf 82' lang='lat' dir='ltr'>add.</span> <span class='ocrx_word' id='word_1_248' title='bbox 1083 1131 1119 1164; x_wconf 90' lang='lat' dir='ltr'><strong><em>p.</em></strong></span> <span class='ocrx_word' id='word_1_249' title='bbox 1142 1122 1221 1164; x_wconf 91' lang='grc'>222,</span> <span class='ocrx_word' id='word_1_250' title='bbox 1243 1123 1262 1153; x_wconf 92' lang='grc'>2</span> <span class='ocrx_word' id='word_1_251' title='bbox 1290 1117 1426 1166; x_wconf 85' lang='grc' dir='ltr'><strong><em>δοθέν]</em></strong></span> 
     </span>
     <span class='ocr_line' id='line_1_21' title="bbox 78 1171 1428 1220; baseline -0.001 -11"><span class='ocrx_word' id='word_1_252' title='bbox 78 1172 198 1211; x_wconf 72' lang='grc' dir='ltr'><strong><em>δοθὲν</em></strong></span> <span class='ocrx_word' id='word_1_253' title='bbox 223 1173 288 1209; x_wconf 74' lang='grc' dir='ltr'><strong><em>καὶ</em></strong></span> <span class='ocrx_word' id='word_1_254' title='bbox 315 1171 402 1207; x_wconf 79' lang='grc' dir='ltr'><strong><em>ἔστω</em></strong></span> <span class='ocrx_word' id='word_1_255' title='bbox 478 1175 520 1206; x_wconf 88' lang='grc'>12</span> <span class='ocrx_word' id='word_1_256' title='bbox 547 1171 638 1218; x_wconf 88' lang='grc' dir='ltr'><strong><em>ἀπό]</em></strong></span> <span class='ocrx_word' id='word_1_257' title='bbox 665 1182 754 1206; x_wconf 86' lang='lat' dir='ltr'>corr.</span> <span class='ocrx_word' id='word_1_258' title='bbox 780 1182 824 1207; x_wconf 86' lang='lat' dir='ltr'>ex</span> <span class='ocrx_word' id='word_1_259' title='bbox 848 1171 922 1207; x_wconf 80' lang='grc' dir='ltr'><strong><em>ὑπό</em></strong></span> <span class='ocrx_word' id='word_1_260' title='bbox 997 1175 1039 1207; x_wconf 93' lang='grc'><strong><em>15</em></strong></span> <span class='ocrx_word' id='word_1_261' title='bbox 1065 1172 1144 1220; x_wconf 86' lang='grc' dir='ltr'><strong><em>τῆς]</em></strong></span> <span class='ocrx_word' id='word_1_262' title='bbox 1172 1183 1262 1208; x_wconf 86' lang='lat' dir='ltr'>corr.</span> <span class='ocrx_word' id='word_1_263' title='bbox 1283 1183 1328 1208; x_wconf 85' lang='lat' dir='ltr'>ex</span> <span class='ocrx_word' id='word_1_264' title='bbox 1353 1178 1428 1208; x_wconf 84' lang='grc' dir='ltr'><strong><em>τῶν</em></strong></span> 
     </span>
     <span class='ocr_line' id='line_1_22' title="bbox 127 1224 1425 1272; baseline -0.001 -10"><span class='ocrx_word' id='word_1_265' title='bbox 127 1231 169 1262; x_wconf 92' lang='grc'>21</span> <span class='ocrx_word' id='word_1_266' title='bbox 196 1232 260 1272; x_wconf 87' lang='grc' dir='ltr'><strong><em>τῆς</em></strong></span> <span class='ocrx_word' id='word_1_267' title='bbox 284 1229 350 1261; x_wconf 88' lang='grc' dir='ltr'><strong><em>ΑΒ</em></strong></span> <span class='ocrx_word' id='word_1_268' title='bbox 376 1225 465 1272; x_wconf 78' lang='grc' dir='ltr'><strong><em>ἄρα]</em></strong></span> <span class='ocrx_word' id='word_1_269' title='bbox 491 1225 555 1260; x_wconf 80' lang='grc' dir='ltr'><strong><em>καὶ</em></strong></span> <span class='ocrx_word' id='word_1_270' title='bbox 580 1230 667 1270; x_wconf 85' lang='grc' dir='ltr'><strong><em>μιᾶς</em></strong></span> <span class='ocrx_word' id='word_1_271' title='bbox 691 1224 764 1269; x_wconf 75' lang='grc' dir='ltr'><strong><em>ἄρα</em></strong></span> <span class='ocrx_word' id='word_1_272' title='bbox 789 1230 853 1271; x_wconf 82' lang='grc' dir='ltr'><strong><em>τῆς</em></strong></span> <span class='ocrx_word' id='word_1_273' title='bbox 877 1228 943 1259; x_wconf 90' lang='lat' dir='ltr'><strong><em>AB</em></strong></span> <span class='ocrx_word' id='word_1_274' title='bbox 1015 1238 1050 1271; x_wconf 87' lang='lat' dir='ltr'><strong><em>p.</em></strong></span> <span class='ocrx_word' id='word_1_275' title='bbox 1072 1229 1152 1270; x_wconf 89' lang='grc'>226,</span> <span class='ocrx_word' id='word_1_276' title='bbox 1172 1230 1194 1261; x_wconf 87' lang='grc'>8</span> <span class='ocrx_word' id='word_1_277' title='bbox 1220 1225 1310 1272; x_wconf 78' lang='grc' dir='ltr'><strong><em>ἄρα]</em></strong></span> <span class='ocrx_word' id='word_1_278' title='bbox 1338 1225 1425 1261; x_wconf 84' lang='lat' dir='ltr'>add.</span> 
     </span>
     <span class='ocr_line' id='line_1_23' title="bbox 128 1277 1425 1328; baseline 0 -13"><span class='ocrx_word' id='word_1_279' title='bbox 128 1283 172 1315; x_wconf 94' lang='grc'>10</span> <span class='ocrx_word' id='word_1_280' title='bbox 202 1283 259 1328; x_wconf 60' lang='grc' dir='ltr'><strong><em>τῷΥ</em></strong></span> <span class='ocrx_word' id='word_1_281' title='bbox 282 1280 373 1314; x_wconf 77' lang='lat' dir='ltr'>mut.</span> <span class='ocrx_word' id='word_1_282' title='bbox 398 1277 438 1313; x_wconf 91' lang='lat' dir='ltr'><strong><em>in</em></strong></span> <span class='ocrx_word' id='word_1_283' title='bbox 469 1277 510 1313; x_wconf 87' lang='grc' dir='ltr'><strong><em>τό</em></strong></span> <span class='ocrx_word' id='word_1_284' title='bbox 542 1280 580 1313; x_wconf 76' lang='lat' dir='ltr'>et</span> <span class='ocrx_word' id='word_1_285' title='bbox 611 1289 723 1323; x_wconf 76' lang='lat' dir='ltr'>supra,</span> <span class='ocrx_word' id='word_1_286' title='bbox 748 1278 834 1313; x_wconf 82' lang='lat' dir='ltr'>add.</span> <span class='ocrx_word' id='word_1_287' title='bbox 861 1282 911 1326; x_wconf 80' lang='grc' dir='ltr'><strong><em>τῷ</em></strong></span> <span class='ocrx_word' id='word_1_288' title='bbox 935 1278 1009 1314; x_wconf 79' lang='grc' dir='ltr'><strong><em>ὑπὸ</em></strong></span> <span class='ocrx_word' id='word_1_289' title='bbox 1034 1285 1108 1314; x_wconf 86' lang='grc' dir='ltr'><strong><em>τῶν</em></strong></span> <span class='ocrx_word' id='word_1_290' title='bbox 1133 1283 1214 1324; x_wconf 87' lang='grc' dir='ltr'>ΑΔ,</span> <span class='ocrx_word' id='word_1_291' title='bbox 1235 1283 1306 1315; x_wconf 87' lang='grc' dir='ltr'><strong><em>ΔΖ</em></strong></span> <span class='ocrx_word' id='word_1_292' title='bbox 1381 1283 1425 1314; x_wconf 85' lang='grc'><strong><em>17</em></strong></span> 
     </span>
     <span class='ocr_line' id='line_1_24' title="bbox 79 1330 1426 1380; baseline 0.001 -12"><span class='ocrx_word' id='word_1_293' title='bbox 79 1332 181 1380; x_wconf 79' lang='grc' dir='ltr'><strong><em>ἐπεί]</em></strong></span> <span class='ocrx_word' id='word_1_294' title='bbox 207 1333 271 1368; x_wconf 82' lang='grc' dir='ltr'><strong><em>καὶ</em></strong></span> <span class='ocrx_word' id='word_1_295' title='bbox 296 1330 376 1367; x_wconf 80' lang='grc' dir='ltr'><strong><em>ἐπεί</em></strong></span> <span class='ocrx_word' id='word_1_296' title='bbox 453 1335 496 1366; x_wconf 89' lang='grc'>18</span> <span class='ocrx_word' id='word_1_297' title='bbox 523 1333 631 1366; x_wconf 90' lang='grc' dir='ltr'><strong><em>ΓΒΕ</em></strong></span> <span class='ocrx_word' id='word_1_298' title='bbox 650 1332 748 1378; x_wconf 86' lang='lat' dir='ltr'>(pr.)]</span> <span class='ocrx_word' id='word_1_299' title='bbox 776 1333 883 1366; x_wconf 93' lang='grc' dir='ltr'><strong><em>ΓΕΒ</em></strong></span> <span class='ocrx_word' id='word_1_300' title='bbox 980 1345 1015 1378; x_wconf 93' lang='lat' dir='ltr'><strong><em>p.</em></strong></span> <span class='ocrx_word' id='word_1_301' title='bbox 1038 1335 1117 1377; x_wconf 88' lang='grc'>228,</span> <span class='ocrx_word' id='word_1_302' title='bbox 1138 1336 1160 1367; x_wconf 86' lang='grc'>4</span> <span class='ocrx_word' id='word_1_303' title='bbox 1185 1333 1249 1380; x_wconf 82' lang='grc' dir='ltr'><strong><em>ὡς]</em></strong></span> <span class='ocrx_word' id='word_1_304' title='bbox 1275 1334 1339 1369; x_wconf 80' lang='grc' dir='ltr'><strong><em>καὶ</em></strong></span> <span class='ocrx_word' id='word_1_305' title='bbox 1365 1333 1426 1375; x_wconf 83' lang='grc' dir='ltr'>ὡς,</span> 
     </span>
     <span class='ocr_line' id='line_1_25' title="bbox 76 1384 1425 1433; baseline 0 -12"><span class='ocrx_word' id='word_1_306' title='bbox 76 1386 169 1422; x_wconf 74' lang='lat' dir='ltr'>item</span> <span class='ocrx_word' id='word_1_307' title='bbox 187 1385 251 1420; x_wconf 87' lang='lat' dir='ltr'>lin.</span> <span class='ocrx_word' id='word_1_308' title='bbox 268 1389 313 1420; x_wconf 88' lang='lat'><strong><em>14</em></strong></span> <span class='ocrx_word' id='word_1_309' title='bbox 385 1389 406 1419; x_wconf 83' lang='lat'>5</span> <span class='ocrx_word' id='word_1_310' title='bbox 427 1385 512 1431; x_wconf 88' lang='grc' dir='ltr'><strong><em>ΒΔ]</em></strong></span> <span class='ocrx_word' id='word_1_311' title='bbox 533 1395 622 1419; x_wconf 80' lang='lat' dir='ltr'>corr.</span> <span class='ocrx_word' id='word_1_312' title='bbox 638 1395 683 1419; x_wconf 85' lang='lat' dir='ltr'>ex</span> <span class='ocrx_word' id='word_1_313' title='bbox 701 1387 770 1419; x_wconf 89' lang='grc' dir='ltr'><strong><em>ΔΒ</em></strong></span> <span class='ocrx_word' id='word_1_314' title='bbox 845 1388 865 1419; x_wconf 92' lang='grc'>6</span> <span class='ocrx_word' id='word_1_315' title='bbox 886 1384 1000 1432; x_wconf 80' lang='grc' dir='ltr'><strong><em>ἐστιν]</em></strong></span> <span class='ocrx_word' id='word_1_316' title='bbox 1021 1385 1092 1421; x_wconf 83' lang='lat' dir='ltr'>del.</span> <span class='ocrx_word' id='word_1_317' title='bbox 1168 1389 1211 1422; x_wconf 89' lang='grc'>16</span> <span class='ocrx_word' id='word_1_318' title='bbox 1234 1392 1299 1432; x_wconf 88' lang='grc' dir='ltr'><strong><em>τῆς</em></strong></span> <span class='ocrx_word' id='word_1_319' title='bbox 1312 1386 1425 1433; x_wconf 71' lang='lat' dir='ltr'>(alt.)]</span> 
     </span>
     <span class='ocr_line' id='line_1_26' title="bbox 79 1435 1426 1486; baseline 0 -11"><span class='ocrx_word' id='word_1_320' title='bbox 79 1439 151 1475; x_wconf 85' lang='lat' dir='ltr'>del.</span> <span class='ocrx_word' id='word_1_321' title='bbox 237 1451 272 1485; x_wconf 88' lang='lat' dir='ltr'><strong><em>p.</em></strong></span> <span class='ocrx_word' id='word_1_322' title='bbox 293 1442 373 1483; x_wconf 91' lang='grc'>230,</span> <span class='ocrx_word' id='word_1_323' title='bbox 395 1442 414 1472; x_wconf 93' lang='grc'><strong><em>1</em></strong></span> <span class='ocrx_word' id='word_1_324' title='bbox 443 1436 543 1485; x_wconf 81' lang='grc' dir='ltr'><strong><em>ἐπεί]</em></strong></span> <span class='ocrx_word' id='word_1_325' title='bbox 568 1438 632 1473; x_wconf 83' lang='grc' dir='ltr'><strong><em>καὶ</em></strong></span> <span class='ocrx_word' id='word_1_326' title='bbox 658 1435 738 1473; x_wconf 82' lang='grc' dir='ltr'><strong><em>ἐπεί</em></strong></span> <span class='ocrx_word' id='word_1_327' title='bbox 824 1441 868 1473; x_wconf 87' lang='grc'>16</span> <span class='ocrx_word' id='word_1_328' title='bbox 893 1439 972 1485; x_wconf 86' lang='grc' dir='ltr'><strong><em>τῆς]</em></strong></span> <span class='ocrx_word' id='word_1_329' title='bbox 999 1450 1089 1475; x_wconf 86' lang='lat' dir='ltr'>corr.</span> <span class='ocrx_word' id='word_1_330' title='bbox 1117 1451 1161 1475; x_wconf 85' lang='lat' dir='ltr'>ex</span> <span class='ocrx_word' id='word_1_331' title='bbox 1185 1446 1250 1475; x_wconf 86' lang='grc' dir='ltr'><strong><em>τοῦ</em></strong></span> <span class='ocrx_word' id='word_1_332' title='bbox 1277 1441 1426 1486; x_wconf 82' lang='lat' dir='ltr'>(comp.)</span> 
     </span>
     <span class='ocr_line' id='line_1_27' title="bbox 124 1490 1423 1540; baseline 0.001 -12"><span class='ocrx_word' id='word_1_333' title='bbox 124 1505 159 1539; x_wconf 92' lang='lat' dir='ltr'><strong><em>p.</em></strong></span> <span class='ocrx_word' id='word_1_334' title='bbox 181 1496 250 1527; x_wconf 85' lang='lat'><strong><em>234</em></strong></span> <span class='ocrx_word' id='word_1_335' title='bbox 275 1492 320 1530; x_wconf 87' lang='lat' dir='ltr'>de</span> <span class='ocrx_word' id='word_1_336' title='bbox 350 1491 461 1527; x_wconf 74' lang='lat' dir='ltr'>titulo</span> <span class='ocrx_word' id='word_1_337' title='bbox 495 1503 530 1527; x_wconf 87' lang='lat' dir='ltr'><strong><em>u.</em></strong></span> <span class='ocrx_word' id='word_1_338' title='bbox 556 1491 642 1537; x_wconf 82' lang='lat' dir='ltr'>adp.</span> <span class='ocrx_word' id='word_1_339' title='bbox 668 1490 749 1526; x_wconf 74' lang='lat' dir='ltr'>erit.</span> <span class='ocrx_word' id='word_1_340' title='bbox 849 1495 891 1526; x_wconf 82' lang='lat'><strong><em>17</em></strong></span> <span class='ocrx_word' id='word_1_341' title='bbox 918 1493 1094 1540; x_wconf 80' lang='grc' dir='ltr'><strong><em>ἀκτῖνας]</em></strong></span> <span class='ocrx_word' id='word_1_342' title='bbox 1128 1506 1240 1540; x_wconf 83' lang='lat' dir='ltr'>supra</span> <span class='ocrx_word' id='word_1_343' title='bbox 1267 1505 1334 1530; x_wconf 86' lang='lat' dir='ltr'>scr.</span> <span class='ocrx_word' id='word_1_344' title='bbox 1363 1495 1423 1529; x_wconf 78' lang='grc' dir='ltr'><strong><em>εὐ-</em></strong></span> 
     </span>
     <span class='ocr_line' id='line_1_28' title="bbox 77 1544 1426 1593; baseline 0.001 -11"><span class='ocrx_word' id='word_1_345' title='bbox 77 1545 188 1587; x_wconf 83' lang='grc' dir='ltr'><strong><em>θείας</em></strong></span> <span class='ocrx_word' id='word_1_346' title='bbox 261 1558 297 1591; x_wconf 70' lang='grc' dir='ltr'><strong><em>Ι),</em></strong></span> <span class='ocrx_word' id='word_1_347' title='bbox 318 1549 397 1590; x_wconf 90' lang='grc'>236,</span> <span class='ocrx_word' id='word_1_348' title='bbox 419 1549 437 1580; x_wconf 95' lang='grc'><strong><em>1</em></strong></span> <span class='ocrx_word' id='word_1_349' title='bbox 464 1544 504 1592; x_wconf 84' lang='grc' dir='ltr'><strong><em>ἤ]</em></strong></span> <span class='ocrx_word' id='word_1_350' title='bbox 530 1546 600 1580; x_wconf 80' lang='grc' dir='ltr'><strong><em>καί</em></strong></span> <span class='ocrx_word' id='word_1_351' title='bbox 618 1557 666 1580; x_wconf 93' lang='lat' dir='ltr'><strong><em>m.</em></strong></span> <span class='ocrx_word' id='word_1_352' title='bbox 689 1548 720 1589; x_wconf 87' lang='lat'><strong><em>1,</em></strong></span> <span class='ocrx_word' id='word_1_353' title='bbox 746 1544 770 1588; x_wconf 85' lang='grc' dir='ltr'>ἤ</span> <span class='ocrx_word' id='word_1_354' title='bbox 796 1556 908 1591; x_wconf 84' lang='lat' dir='ltr'>supra</span> <span class='ocrx_word' id='word_1_355' title='bbox 934 1557 1001 1581; x_wconf 81' lang='lat' dir='ltr'>sor.</span> <span class='ocrx_word' id='word_1_356' title='bbox 1021 1559 1069 1582; x_wconf 92' lang='lat' dir='ltr'><strong><em>m.</em></strong></span> <span class='ocrx_word' id='word_1_357' title='bbox 1091 1551 1111 1582; x_wconf 94' lang='grc'>2</span> <span class='ocrx_word' id='word_1_358' title='bbox 1186 1551 1206 1582; x_wconf 90' lang='grc'>2</span> <span class='ocrx_word' id='word_1_359' title='bbox 1234 1545 1426 1593; x_wconf 79' lang='grc' dir='ltr'><strong><em>ἐκτιθέμε-</em></strong></span> 
     </span>
     <span class='ocr_line' id='line_1_29' title="bbox 79 1596 1425 1648; baseline 0.001 -12"><span class='ocrx_word' id='word_1_360' title='bbox 79 1600 164 1646; x_wconf 91' lang='grc' dir='ltr'><strong><em>νον]</em></strong></span> <span class='ocrx_word' id='word_1_361' title='bbox 183 1596 456 1644; x_wconf 78' lang='grc' dir='ltr'><strong><em>προτιθέμενον</em></strong></span> <span class='ocrx_word' id='word_1_362' title='bbox 530 1601 574 1632; x_wconf 92' lang='grc'>10</span> <span class='ocrx_word' id='word_1_363' title='bbox 592 1599 724 1645; x_wconf 81' lang='grc' dir='ltr'><strong><em>ψιλῶς]</em></strong></span> <span class='ocrx_word' id='word_1_364' title='bbox 743 1601 840 1646; x_wconf 82' lang='grc' dir='ltr'><strong><em>ψιλῷ</em></strong></span> <span class='ocrx_word' id='word_1_365' title='bbox 914 1603 956 1634; x_wconf 94' lang='grc'>12</span> <span class='ocrx_word' id='word_1_366' title='bbox 982 1600 1185 1648; x_wconf 78' lang='grc' dir='ltr'><strong><em>διαφοράς]</em></strong></span> <span class='ocrx_word' id='word_1_367' title='bbox 1206 1612 1319 1647; x_wconf 84' lang='lat' dir='ltr'>supra</span> <span class='ocrx_word' id='word_1_368' title='bbox 1338 1601 1425 1636; x_wconf 83' lang='lat' dir='ltr'>add.</span> 
     </span>
     <span class='ocr_line' id='line_1_30' title="bbox 80 1650 1425 1701; baseline 0.002 -14"><span class='ocrx_word' id='word_1_369' title='bbox 80 1653 203 1688; x_wconf 78' lang='grc' dir='ltr'><strong><em>αὐτῶν</em></strong></span> <span class='ocrx_word' id='word_1_370' title='bbox 276 1654 319 1686; x_wconf 92' lang='grc'>16</span> <span class='ocrx_word' id='word_1_371' title='bbox 345 1651 530 1696; x_wconf 76' lang='grc' dir='ltr'><strong><em>γνώριμον</em></strong></span> <span class='ocrx_word' id='word_1_372' title='bbox 550 1650 666 1698; x_wconf 76' lang='lat' dir='ltr'>(alt.)]</span> <span class='ocrx_word' id='word_1_373' title='bbox 692 1663 805 1697; x_wconf 83' lang='lat' dir='ltr'>supra</span> <span class='ocrx_word' id='word_1_374' title='bbox 830 1663 897 1687; x_wconf 80' lang='lat' dir='ltr'>ser.</span> <span class='ocrx_word' id='word_1_375' title='bbox 924 1652 1149 1699; x_wconf 81' lang='grc' dir='ltr'><strong><em>τεταγμένον</em></strong></span> <span class='ocrx_word' id='word_1_376' title='bbox 1245 1668 1280 1701; x_wconf 89' lang='lat' dir='ltr'><strong><em>p.</em></strong></span> <span class='ocrx_word' id='word_1_377' title='bbox 1302 1658 1383 1700; x_wconf 87' lang='grc'>238,</span> <span class='ocrx_word' id='word_1_378' title='bbox 1404 1658 1425 1689; x_wconf 86' lang='grc'><strong>9</strong></span> 
     </span>
     <span class='ocr_line' id='line_1_31' title="bbox 79 1703 1425 1755; baseline 0.001 -14"><span class='ocrx_word' id='word_1_379' title='bbox 79 1703 144 1741; x_wconf 71' lang='grc' dir='ltr'><strong><em>’καί</em></strong></span> <span class='ocrx_word' id='word_1_380' title='bbox 163 1704 273 1751; x_wconf 74' lang='lat' dir='ltr'>(alt.)]</span> <span class='ocrx_word' id='word_1_381' title='bbox 299 1704 384 1740; x_wconf 80' lang='lat' dir='ltr'>add.</span> <span class='ocrx_word' id='word_1_382' title='bbox 460 1708 502 1739; x_wconf 88' lang='lat'><strong><em>11</em></strong></span> <span class='ocrx_word' id='word_1_383' title='bbox 529 1703 763 1751; x_wconf 82' lang='grc' dir='ltr'><strong><em>περιφέρεια]</em></strong></span> <span class='ocrx_word' id='word_1_384' title='bbox 790 1716 902 1752; x_wconf 84' lang='lat' dir='ltr'>supra</span> <span class='ocrx_word' id='word_1_385' title='bbox 927 1718 994 1742; x_wconf 82' lang='lat' dir='ltr'>scr.</span> <span class='ocrx_word' id='word_1_386' title='bbox 1020 1709 1138 1753; x_wconf 87' lang='grc' dir='ltr'><strong><em>γωνία</em></strong></span> <span class='ocrx_word' id='word_1_387' title='bbox 1222 1721 1257 1755; x_wconf 85' lang='lat' dir='ltr'><strong><em>p.</em></strong></span> <span class='ocrx_word' id='word_1_388' title='bbox 1279 1712 1359 1753; x_wconf 88' lang='grc'>244,</span> <span class='ocrx_word' id='word_1_389' title='bbox 1382 1712 1425 1743; x_wconf 90' lang='grc'>16</span> 
     </span>
     <span class='ocr_line' id='line_1_32' title="bbox 77 1757 1425 1809; baseline 0.002 -15"><span class='ocrx_word' id='word_1_390' title='bbox 77 1757 263 1805; x_wconf 81' lang='grc' dir='ltr'><strong><em>πλευράν]</em></strong></span> <span class='ocrx_word' id='word_1_391' title='bbox 301 1757 464 1803; x_wconf 82' lang='grc' dir='ltr'><strong><em>πλευρὰν</em></strong></span> <span class='ocrx_word' id='word_1_392' title='bbox 500 1764 565 1794; x_wconf 83' lang='grc' dir='ltr'><strong><em>τοῦ</em></strong></span> <span class='ocrx_word' id='word_1_393' title='bbox 602 1759 835 1804; x_wconf 83' lang='grc' dir='ltr'><strong><em>τετραγώνου</em></strong></span> <span class='ocrx_word' id='word_1_394' title='bbox 962 1764 1006 1795; x_wconf 90' lang='grc'><strong><em>22</em></strong></span> <span class='ocrx_word' id='word_1_395' title='bbox 1051 1762 1208 1809; x_wconf 86' lang='grc' dir='ltr'><strong><em>διϊδεῖν]</em></strong></span> <span class='ocrx_word' id='word_1_396' title='bbox 1249 1761 1291 1797; x_wconf 80' lang='grc' dir='ltr'><strong><em>δὲ</em></strong></span> <span class='ocrx_word' id='word_1_397' title='bbox 1330 1762 1425 1797; x_wconf 87' lang='grc' dir='ltr'><strong><em>ἰδεῖν</em></strong></span> 
     </span>
     <span class='ocr_line' id='line_1_33' title="bbox 126 1811 1426 1860; baseline 0.003 -13"><span class='ocrx_word' id='word_1_398' title='bbox 126 1825 161 1858; x_wconf 89' lang='lat' dir='ltr'><strong><em>p.</em></strong></span> <span class='ocrx_word' id='word_1_399' title='bbox 183 1816 263 1857; x_wconf 88' lang='grc'>246,</span> <span class='ocrx_word' id='word_1_400' title='bbox 284 1816 304 1847; x_wconf 85' lang='grc'>9</span> <span class='ocrx_word' id='word_1_401' title='bbox 330 1811 427 1848; x_wconf 77' lang='grc' dir='ltr'><strong><em>κατὰ</em></strong></span> <span class='ocrx_word' id='word_1_402' title='bbox 445 1812 598 1859; x_wconf 81' lang='grc' dir='ltr'><strong><em>ταύτόν]</em></strong></span> <span class='ocrx_word' id='word_1_403' title='bbox 625 1823 714 1847; x_wconf 83' lang='lat' dir='ltr'>corr.</span> <span class='ocrx_word' id='word_1_404' title='bbox 734 1823 779 1847; x_wconf 85' lang='lat' dir='ltr'>ex</span> <span class='ocrx_word' id='word_1_405' title='bbox 796 1812 983 1849; x_wconf 78' lang='grc' dir='ltr'><strong><em>καταυτόν</em></strong></span> <span class='ocrx_word' id='word_1_406' title='bbox 1054 1827 1089 1860; x_wconf 90' lang='lat' dir='ltr'>p.</span> <span class='ocrx_word' id='word_1_407' title='bbox 1112 1818 1190 1859; x_wconf 91' lang='lat'>248,</span> <span class='ocrx_word' id='word_1_408' title='bbox 1213 1818 1231 1849; x_wconf 88' lang='lat'>1</span> <span class='ocrx_word' id='word_1_409' title='bbox 1258 1817 1426 1860; x_wconf 79' lang='grc' dir='ltr'><strong><em>θεωρου-</em></strong></span> 
     </span>
     <span class='ocr_line' id='line_1_34' title="bbox 81 1863 1426 1914; baseline 0.001 -13"><span class='ocrx_word' id='word_1_410' title='bbox 81 1863 218 1913; x_wconf 81' lang='grc' dir='ltr'><strong><em>μένων]</em></strong></span> <span class='ocrx_word' id='word_1_411' title='bbox 241 1865 505 1910; x_wconf 79' lang='grc' dir='ltr'><strong><em>θεωρούμενον</em></strong></span> <span class='ocrx_word' id='word_1_412' title='bbox 531 1877 578 1900; x_wconf 90' lang='lat' dir='ltr'><strong><em>m.</em></strong></span> <span class='ocrx_word' id='word_1_413' title='bbox 601 1869 639 1909; x_wconf 89' lang='lat'><strong><em>1,</em></strong></span> <span class='ocrx_word' id='word_1_414' title='bbox 671 1864 937 1911; x_wconf 84' lang='grc' dir='ltr'><strong><em>θεωρουμένου</em></strong></span> <span class='ocrx_word' id='word_1_415' title='bbox 962 1878 1009 1901; x_wconf 91' lang='lat' dir='ltr'><strong><em>m.</em></strong></span> <span class='ocrx_word' id='word_1_416' title='bbox 1031 1870 1052 1901; x_wconf 92' lang='grc'>2</span> <span class='ocrx_word' id='word_1_417' title='bbox 1148 1880 1183 1913; x_wconf 88' lang='lat' dir='ltr'>p.</span> <span class='ocrx_word' id='word_1_418' title='bbox 1205 1871 1291 1913; x_wconf 87' lang='lat'>250,</span> <span class='ocrx_word' id='word_1_419' title='bbox 1312 1871 1357 1903; x_wconf 82' lang='lat'><strong><em>28</em></strong></span> <span class='ocrx_word' id='word_1_420' title='bbox 1383 1868 1426 1914; x_wconf 85' lang='grc' dir='ltr'><strong><em>ὁ]</em></strong></span> 
     </span>
     <span class='ocr_line' id='line_1_35' title="bbox 83 1917 1426 1968; baseline 0.003 -15"><span class='ocrx_word' id='word_1_421' title='bbox 83 1918 103 1954; x_wconf 88' lang='grc' dir='ltr'><strong>ὁ</strong></span> <span class='ocrx_word' id='word_1_422' title='bbox 126 1918 168 1954; x_wconf 86' lang='grc' dir='ltr'><strong><em>τό</em></strong></span> <span class='ocrx_word' id='word_1_423' title='bbox 262 1931 297 1964; x_wconf 91' lang='lat' dir='ltr'><strong><em>p.</em></strong></span> <span class='ocrx_word' id='word_1_424' title='bbox 319 1922 398 1963; x_wconf 88' lang='grc'>252,</span> <span class='ocrx_word' id='word_1_425' title='bbox 419 1922 439 1953; x_wconf 88' lang='grc'>5</span> <span class='ocrx_word' id='word_1_426' title='bbox 466 1917 543 1963; x_wconf 77' lang='grc' dir='ltr'><strong><em>ἅμα</em></strong></span> <span class='ocrx_word' id='word_1_427' title='bbox 568 1919 632 1954; x_wconf 81' lang='grc' dir='ltr'><strong><em>καὶ</em></strong></span> <span class='ocrx_word' id='word_1_428' title='bbox 656 1918 832 1966; x_wconf 80' lang='grc' dir='ltr'><strong><em>πόριμον]</em></strong></span> <span class='ocrx_word' id='word_1_429' title='bbox 859 1919 930 1955; x_wconf 88' lang='lat' dir='ltr'>del.</span> <span class='ocrx_word' id='word_1_430' title='bbox 1014 1923 1035 1955; x_wconf 92' lang='lat'>8</span> <span class='ocrx_word' id='word_1_431' title='bbox 1062 1919 1312 1968; x_wconf 76' lang='grc' dir='ltr'><strong><em>συντιθέντες]</em></strong></span> <span class='ocrx_word' id='word_1_432' title='bbox 1339 1933 1426 1957; x_wconf 85' lang='grc' dir='ltr'><strong><em>συν-</em></strong></span> 
     </span>
     <span class='ocr_line' id='line_1_36' title="bbox 81 1971 1425 2020; baseline 0.003 -14"><span class='ocrx_word' id='word_1_433' title='bbox 81 1971 213 2012; x_wconf 84' lang='grc' dir='ltr'><strong><em>θέντες</em></strong></span> <span class='ocrx_word' id='word_1_434' title='bbox 284 1975 327 2006; x_wconf 89' lang='grc'>19</span> <span class='ocrx_word' id='word_1_435' title='bbox 352 1972 414 2007; x_wconf 82' lang='lat' dir='ltr'><strong><em>hic</em></strong></span> <span class='ocrx_word' id='word_1_436' title='bbox 432 1984 506 2018; x_wconf 88' lang='lat' dir='ltr'>mg.</span> <span class='ocrx_word' id='word_1_437' title='bbox 528 1973 659 2007; x_wconf 59' lang='lat' dir='ltr'>assram.</span> <span class='ocrx_word' id='word_1_438' title='bbox 679 1972 808 2008; x_wconf 88' lang='lat' dir='ltr'>rubro:</span> <span class='ocrx_word' id='word_1_439' title='bbox 833 1971 868 2008; x_wconf 82' lang='grc' dir='ltr'><strong><em>τί</em></strong></span> <span class='ocrx_word' id='word_1_440' title='bbox 892 1973 933 2008; x_wconf 89' lang='grc' dir='ltr'><strong><em>τὸ</em></strong></span> <span class='ocrx_word' id='word_1_441' title='bbox 959 1973 1138 2019; x_wconf 82' lang='grc' dir='ltr'><strong><em>χρήσιμον</em></strong></span> <span class='ocrx_word' id='word_1_442' title='bbox 1162 1979 1227 2020; x_wconf 86' lang='grc' dir='ltr'><strong><em>τῆς</em></strong></span> <span class='ocrx_word' id='word_1_443' title='bbox 1248 1975 1332 2020; x_wconf 85' lang='grc' dir='ltr'><strong><em>περὶ</em></strong></span> <span class='ocrx_word' id='word_1_444' title='bbox 1350 1980 1425 2010; x_wconf 86' lang='grc' dir='ltr'><strong><em>τῶν</em></strong></span> 
     </span>
     <span class='ocr_line' id='line_1_37' title="bbox 81 2023 1426 2073; baseline 0.002 -13"><span class='ocrx_word' id='word_1_445' title='bbox 81 2024 291 2073; x_wconf 78' lang='grc' dir='ltr'><strong><em>δεδομένων</em></strong></span> <span class='ocrx_word' id='word_1_446' title='bbox 314 2023 568 2071; x_wconf 84' lang='grc' dir='ltr'><strong><em>πραγματείας</em></strong></span> <span class='ocrx_word' id='word_1_447' title='bbox 641 2029 684 2061; x_wconf 91' lang='grc'><strong><em>26</em></strong></span> <span class='ocrx_word' id='word_1_448' title='bbox 712 2025 864 2071; x_wconf 78' lang='grc' dir='ltr'><strong><em>ὀπτικῆς</em></strong></span> <span class='ocrx_word' id='word_1_449' title='bbox 882 2047 928 2051; x_wconf 88' lang='grc'>-</span> <span class='ocrx_word' id='word_1_450' title='bbox 947 2027 1165 2073; x_wconf 79' lang='grc' dir='ltr'><strong><em>κανονικῆς]</em></strong></span> <span class='ocrx_word' id='word_1_451' title='bbox 1192 2027 1360 2068; x_wconf 80' lang='grc' dir='ltr'><strong><em>ὀπτικαῖς</em></strong></span> <span class='ocrx_word' id='word_1_452' title='bbox 1379 2049 1426 2053; x_wconf 88' lang='grc'><strong>-</strong></span> 
     </span>
     <span class='ocr_line' id='line_1_38' title="bbox 80 2078 1426 2126; baseline 0.001 -12"><span class='ocrx_word' id='word_1_453' title='bbox 80 2083 298 2119; x_wconf 79' lang='grc' dir='ltr'><strong><em>κανονικαῖς</em></strong></span> <span class='ocrx_word' id='word_1_454' title='bbox 322 2089 434 2124; x_wconf 83' lang='lat' dir='ltr'>supra</span> <span class='ocrx_word' id='word_1_455' title='bbox 505 2091 540 2124; x_wconf 90' lang='lat' dir='ltr'><strong><em>p.</em></strong></span> <span class='ocrx_word' id='word_1_456' title='bbox 562 2081 642 2124; x_wconf 89' lang='lat'>254,</span> <span class='ocrx_word' id='word_1_457' title='bbox 663 2083 683 2113; x_wconf 90' lang='lat'>5</span> <span class='ocrx_word' id='word_1_458' title='bbox 708 2078 770 2114; x_wconf 84' lang='lat' dir='ltr'>hie</span> <span class='ocrx_word' id='word_1_459' title='bbox 794 2091 867 2126; x_wconf 86' lang='lat' dir='ltr'><strong><em>mg.</em></strong></span> <span class='ocrx_word' id='word_1_460' title='bbox 896 2080 1028 2114; x_wconf 76' lang='lat' dir='ltr'>atram.</span> <span class='ocrx_word' id='word_1_461' title='bbox 1054 2080 1183 2116; x_wconf 86' lang='lat' dir='ltr'>rubro:</span> <span class='ocrx_word' id='word_1_462' title='bbox 1209 2080 1282 2115; x_wconf 84' lang='grc' dir='ltr'><strong><em>ὑπὸ</em></strong></span> <span class='ocrx_word' id='word_1_463' title='bbox 1308 2082 1426 2116; x_wconf 86' lang='grc' dir='ltr'><strong><em>ποίαν</em></strong></span> 
     </span>
     <span class='ocr_line' id='line_1_39' title="bbox 82 2130 1427 2180; baseline 0.003 -13"><span class='ocrx_word' id='word_1_464' title='bbox 82 2130 292 2176; x_wconf 80' lang='grc' dir='ltr'><strong><em>ἐπιστήμην.</em></strong></span> <span class='ocrx_word' id='word_1_465' title='bbox 303 2131 482 2177; x_wconf 81' lang='grc' dir='ltr'><strong><em>ἀνάγεται</em></strong></span> <span class='ocrx_word' id='word_1_466' title='bbox 499 2130 523 2177; x_wconf 86' lang='grc' dir='ltr'>ἡ</span> <span class='ocrx_word' id='word_1_467' title='bbox 543 2138 616 2167; x_wconf 88' lang='grc' dir='ltr'><strong><em>τῶν</em></strong></span> <span class='ocrx_word' id='word_1_468' title='bbox 636 2130 848 2177; x_wconf 85' lang='grc' dir='ltr'><strong><em>δεδομένων</em></strong></span> <span class='ocrx_word' id='word_1_469' title='bbox 868 2134 1101 2178; x_wconf 85' lang='grc' dir='ltr'><strong><em>πραγματεία</em></strong></span> <span class='ocrx_word' id='word_1_470' title='bbox 1179 2137 1223 2168; x_wconf 89' lang='grc'><strong><em>15</em></strong></span> <span class='ocrx_word' id='word_1_471' title='bbox 1250 2133 1427 2180; x_wconf 79' lang='grc' dir='ltr'><strong><em>ἐξεπόνη-</em></strong></span> 
     </span>
     <span class='ocr_line' id='line_1_40' title="bbox 83 2184 1425 2233; baseline 0.002 -13"><span class='ocrx_word' id='word_1_472' title='bbox 83 2186 162 2232; x_wconf 85' lang='grc' dir='ltr'><strong><em>σεν]</em></strong></span> <span class='ocrx_word' id='word_1_473' title='bbox 188 2195 278 2220; x_wconf 86' lang='lat' dir='ltr'>corr.</span> <span class='ocrx_word' id='word_1_474' title='bbox 299 2195 343 2219; x_wconf 84' lang='lat' dir='ltr'>ex</span> <span class='ocrx_word' id='word_1_475' title='bbox 368 2184 606 2231; x_wconf 76' lang='grc' dir='ltr'><strong><em>ἐξεπενόησεν</em></strong></span> <span class='ocrx_word' id='word_1_476' title='bbox 678 2198 714 2231; x_wconf 88' lang='lat' dir='ltr'><strong><em>p.</em></strong></span> <span class='ocrx_word' id='word_1_477' title='bbox 736 2189 815 2231; x_wconf 87' lang='grc'>256,</span> <span class='ocrx_word' id='word_1_478' title='bbox 836 2189 880 2220; x_wconf 93' lang='grc'><strong><em>20</em></strong></span> <span class='ocrx_word' id='word_1_479' title='bbox 906 2185 1066 2233; x_wconf 84' lang='grc' dir='ltr'><strong><em>μεγέθη]</em></strong></span> <span class='ocrx_word' id='word_1_480' title='bbox 1086 2197 1176 2222; x_wconf 84' lang='lat' dir='ltr'>corr.</span> <span class='ocrx_word' id='word_1_481' title='bbox 1198 2198 1243 2222; x_wconf 88' lang='lat' dir='ltr'>ex</span> <span class='ocrx_word' id='word_1_482' title='bbox 1262 2188 1425 2233; x_wconf 82' lang='grc' dir='ltr'><strong><em>μεγέθει.</em></strong></span> 
     </span>
     <span class='ocr_line' id='line_1_41' title="bbox 175 2236 1067 2284; baseline 0.004 -13"><span class='ocrx_word' id='word_1_483' title='bbox 175 2236 252 2272; x_wconf 84' lang='lat' dir='ltr'><strong><em>iam</em></strong></span> <span class='ocrx_word' id='word_1_484' title='bbox 276 2237 498 2284; x_wconf 81' lang='lat' dir='ltr'>propagines</span> <span class='ocrx_word' id='word_1_485' title='bbox 524 2237 663 2274; x_wconf 84' lang='lat' dir='ltr'>codicis</span> <span class='ocrx_word' id='word_1_486' title='bbox 690 2238 773 2274; x_wconf 71' lang='lat' dir='ltr'>Vat.</span> <span class='ocrx_word' id='word_1_487' title='bbox 801 2250 1067 2275; x_wconf 84' lang='lat' dir='ltr'>enumeremus.</span> 
     </span>
     <span class='ocr_line' id='line_1_42' title="bbox 175 2290 1428 2339; baseline 0.002 -12"><span class='ocrx_word' id='word_1_488' title='bbox 175 2302 219 2327; x_wconf 82' lang='lat' dir='ltr'>ex</span> <span class='ocrx_word' id='word_1_489' title='bbox 237 2291 336 2336; x_wconf 62' lang='lat' dir='ltr'><strong><em>Vah„</em></strong></span> <span class='ocrx_word' id='word_1_490' title='bbox 360 2290 576 2336; x_wconf 84' lang='lat' dir='ltr'>priusquam</span> <span class='ocrx_word' id='word_1_491' title='bbox 600 2291 890 2338; x_wconf 73' lang='lat' dir='ltr'>interpolaretur</span> <span class='ocrx_word' id='word_1_492' title='bbox 915 2294 952 2328; x_wconf 75' lang='lat' dir='ltr'>et</span> <span class='ocrx_word' id='word_1_493' title='bbox 975 2293 1203 2339; x_wconf 77' lang='lat' dir='ltr'>reficeretur,</span> <span class='ocrx_word' id='word_1_494' title='bbox 1239 2295 1318 2329; x_wconf 83' lang='lat' dir='ltr'>eod.</span> <span class='ocrx_word' id='word_1_495' title='bbox 1342 2299 1359 2329; x_wconf 89' lang='lat'>1</span> <span class='ocrx_word' id='word_1_496' title='bbox 1388 2296 1428 2329; x_wconf 71' lang='lat' dir='ltr'>eb</span> 
     </span>
    </p>
   </div>
  </div>
 </body>
</html>
