1520 2508
119 888 164 920 10

123 1235 166 1266 15

120 1584 167 1615 20

189 91 249 133 20
716 94 982 129 ΔΕΔΟΜΕΝΑ.
1491 92 1505 129 ³?

188 192 269 228 τοῦ
305 189 391 228 BA
434 185 585 227 δοθέν·
629 187 732 228 ὅλον
770 187 852 243 γὰρ
889 189 937 230 τὸ
974 192 1063 231 ΑΕ
1103 189 1238 232 δοθέν
1281 190 1414 234 ἐστιν·
1457 184 1505 242 cb*

191 259 279 297 BA
316 256 400 310 ἄρα
436 256 540 309 μετὰ
576 261 654 297 τοῦ
691 254 802 310 ἑξῆς,
845 258 952 313 πρὸς
988 258 1010 300 ὃ
1047 260 1095 301 τὸ
1132 262 1220 301 ΒΓ
1257 262 1388 314 λόγον
1417 263 1506 318 ἔχει

190 323 402 378 δοθέντα,
433 323 568 366 δοθέν
599 324 726 367 ἐστιν.

815 470 859 495 ια
881 487 890 496 .

276 531 375 574 Ἐὰν
398 532 581 587 μέγεθος
605 533 816 588 μεγέθους
841 535 1017 578 δοθέντι
1042 538 1184 590 μεῖζον
1207 533 1234 592 ᾗ
1260 536 1286 590 ἢ
1311 537 1358 579 ἐν
1380 539 1506 596 λόγῳ,

191 603 240 643 τὸ
272 602 377 644 αὐτὸ
408 601 480 644 καὶ
511 603 842 659 συναμφοτέρου
873 604 1049 647 δοθέντι
1079 605 1221 660 μεῖζον
1252 608 1370 649 ἔσται
1404 606 1430 661 ἢ
1461 603 1507 652 ἐν

190 673 326 727 λόγῳ,
363 671 436 713 καὶ
473 671 547 713 ἐὰν
583 673 632 714 τὸ
663 673 767 715 αὐτὸ
799 674 1128 730 συναμφοτέρου
1160 675 1336 718 δοθέντι
1366 666 1507 731 μεῖζον

190 737 218 796 ᾗ
249 740 276 794 ἦ
308 740 354 783 έν
385 743 519 798 λόγῳ,
550 743 597 784 τὸ
629 742 734 784 αὐτὸ
765 742 836 784 καὶ
866 749 943 784 τοῦ
974 747 1128 785 λοιποῦ
1159 745 1337 788 δοθέντι
1367 749 1507 800 μεῖζον

190 812 309 851 ἔσται
339 810 365 864 ἢ
397 810 444 852 ἐν
475 813 600 867 λόγῳ.

279 879 464 934 μέγεθος
495 881 576 935 γὰρ
606 881 654 922 τὸ
686 884 771 922 ΑΒ
802 887 880 923 τοῦ
910 884 998 923 ΒΓ
1022 882 1200 924 δοθέντι
1229 886 1371 937 μεῖζον
1402 886 1508 929 ἔστω

193 949 220 1003 ἢ
259 949 307 990 ἐν
343 951 475 1006 λόγῳ·
525 949 655 1005 λέγω,
699 951 763 992 ὅτι
800 949 871 992 καὶ
907 957 985 992 τοῦ
1011 954 1112 993 ΑΓ
1149 952 1326 994 δοθέντι
1369 955 1515 1007 μεῖζόν.

191 1018 310 1060 ἐστιν
341 1018 367 1072 ἢ
399 1018 446 1060 έν
476 1021 602 1075 λόγῳ.

277 1087 369 1129 ἐπεὶ
404 1089 486 1143 γὰρ
521 1089 569 1130 τὸ
601 1091 687 1130 ΑΒ
724 1095 802 1130 τοῦ
834 1092 921 1131 ΒΓ
953 1089 1130 1131 δοθέντι
1165 1092 1308 1144 μεῖζόν
1338 1091 1455 1132 ἐστιν
1482 1040 1516 1149 ἦ

190 1157 237 1199 ἐν
269 1159 398 1214 λόγῳ,
430 1157 674 1213 ἀφῃρήσθω
705 1160 753 1200 τὸ
781 1157 916 1200 δοθὲν
940 1158 1123 1213 μέγεθος
1146 1160 1194 1201 τὸ
1221 1163 1325 1201 ΑΔ·
1357 1149 1513 1206 aomo&

194 1228 277 1281 ἄρα
302 1232 380 1268 τοῦ
405 1231 447 1268 A
455 1230 491 1268 Β
516 1229 624 1282 πρὸς
647 1229 695 1270 τὸ
721 1230 808 1270 ΒΓ
830 1230 957 1281 λόγος
981 1227 1071 1270 ἐστὶ
1095 1229 1254 1278 δοθείς.
1298 1227 1515 1272 moenam&

189 1295 262 1338 καὶ
292 1296 501 1338 συνθέντι
532 1299 659 1350 λόγος
689 1297 778 1339 ἐστὶ
808 1303 886 1339 τοῦ
915 1300 992 1339 ΓΔ
1022 1299 1129 1353 πρὸς
1153 1299 1200 1340 τὸ
1226 1301 1312 1340 ΔΒ
1344 1299 1517 1359 δοθείςξ

190 1367 214 1408 ὁ
247 1366 376 1415 αὐτὸς
393 1355 516 1423 ἀὐτῷ
541 1366 750 1420 γεγονέτω
777 1367 799 1408 ὁ
825 1372 903 1408 τοῦ
928 1371 1013 1408 ΛΔ
1042 1369 1150 1422 πρὸς
1173 1369 1221 1410 τὸ
1246 1372 1288 1409 Δ
1296 1371 1352 1409 Ε·
1385 1356 1517 1427 λόγοξ,

191 1437 276 1491 ἄρα
301 1434 372 1477 καὶ
397 1441 474 1477 τοῦ
493 1439 579 1477 ΑΔ
602 1437 710 1491 πρὸς
734 1437 781 1478 τὸ
801 1439 891 1478 ΔΕ
913 1437 1077 1486 δοθείς·
1109 1435 1245 1478 δοθὲν
1270 1435 1317 1478 δὲ
1341 1438 1389 1479 τὸ
1409 1430 1517 1490 ΑΔᾷ

191 1503 328 1547 δοθὲν
359 1506 442 1560 ἄρα
466 1504 537 1546 καὶ
562 1506 609 1547 τὸ
629 1509 732 1547 ΔΕ·
765 1506 873 1547 ὥστε
902 1505 974 1547 καὶ
997 1507 1157 1548 ,λοιπὸν
1186 1507 1234 1548 τὸ
1259 1510 1346 1548 EA
1376 1506 1515 1559 δοθέιξ,

196 1575 325 1617 ἐστιν.
386 1576 475 1616 ἔστι
512 1572 559 1616 δὲ
595 1574 667 1616 καὶ
704 1575 808 1617 ὅλου
845 1581 923 1616 τοῦ
954 1578 1044 1616 ΑΓ
1074 1577 1182 1630 πρὸς
1218 1576 1320 1618 ὅλον
1350 1578 1398 1618 τὸ
1429 1575 1515 1625 ΕΗ

191 1646 320 1697 λόγος
351 1645 515 1693 δοθείς·
553 1645 662 1686 ὥστε
690 1643 762 1685 καὶ
792 1650 870 1686 τοῦ
901 1647 982 1686 ΕΒ
1013 1646 1120 1700 πρὸς
1150 1647 1241 1686 ΑΓ
1265 1646 1391 1698 λόγος
1421 1635 1517 1693 §eds

191 1714 352 1763 δοθείς.
411 1715 488 1755 καί
509 1713 598 1755 ἐστι
623 1711 760 1755 δοθεν
790 1715 837 1755 τὸ
870 1717 971 1755 AE·
983 1715 1050 1758 τὸ
1082 1717 1167 1755 BA
1203 1716 1287 1769 ἄρα
1316 1720 1394 1756 τοῦ
1424 1710 1520 1757 AF

190 1782 371 1825 δοθέντι
402 1785 544 1837 μεῖζόν
575 1783 693 1833 ἐστιν
723 1783 748 1836 ἢ
781 1783 827 1825 ἐν
857 1785 984 1840 λόγῳ.

280 1851 388 1895 ἀλλὰ
424 1853 478 1906 δὴ
514 1854 562 1894 τὸ
602 1855 687 1894 BA
724 1840 1055 1907 συναμφοτέρου
1091 1859 1169 1895 τοῦ
1205 1855 1296 1894 ΑΓ
1332 1853 1509 1907 δοθέντι

289 2006 318 2036 1.
346 2000 430 2036 ὅλον
455 2022 501 2027 —-
525 2001 636 2047 ἐστιν]
664 2012 732 2036 om.
759 2012 791 2035 a
832 2007 834 2009 ’
911 2000 995 2047 γάρ]
1021 2001 1093 2044 ἀρα
1118 2001 1155 2035 P.
1275 2006 1306 2035 2.
1332 2001 1421 2045 μετὰ
1445 2005 1513 2038 τοῦῙ

195 2047 289 2093 ἑξῆς]
316 2046 402 2092 μεθ’
432 2045 475 2083 οὗ
500 2059 532 2082 a.
652 2052 682 2082 5.
709 2046 888 2087 δοθέντος
907 2048 944 2099 ῤ’.
1063 2052 1093 2083 6.
1128 2047 1239 2093 ἔσται]
1260 2059 1380 2103 comp.
1407 2048 1489 2083 Vat
1496 2060 1513 2094 g

193 2094 284 2129 item
309 2094 372 2129 lin.
394 2097 424 2129 9
522 2097 553 2129 7.
579 2092 840 2141 συναμφοτέρῳ
865 2093 948 2138 (bls)
974 2094 1006 2139 β
1103 2097 1156 2128 10.
1182 2092 1362 2146 μεγέθους
1384 2099 1448 2130 τοῦ
1474 2103 1509 2137 Q

242 2145 295 2175 11.
326 2139 405 2186 καί]
432 2151 500 2175 om.
526 2151 559 2174 v.
672 2141 760 2175 Post
784 2130 847 2176 καί
877 2139 960 2175 add.
985 2140 1026 2175 τὸ
1051 2140 1140 2175 αὐτὸ
1164 2140 1205 2175 τὸ
1230 2142 1311 2174 ΑΒ
1319 2151 1351 2175 a.
1454 2143 1513 2180 lbi

194 2186 290 2221 ἐστίν
316 2199 349 2230 v,
375 2189 412 2221 et
437 2187 488 2221 sic
513 2197 578 2232 per
601 2188 667 2221 tot.
693 2197 835 2232 propos,
855 2188 1001 2231 praeter
1024 2186 1112 2221 1.16
1137 2188 1174 2221 et
1197 2198 1231 2231 p.
1252 2190 1380 2230 22‚1·2.
1454 2189 1510 2225 185

152 2235 155 2238 “
193 2232 271 2278 και]
298 2243 366 2268 om.
394 2233 476 2269 Vat.
583 2233 623 2268 τό
643 2234 738 2279 (pr.)]
765 2244 833 2268 om.
859 2244 890 2267 a.
998 2237 1052 2267 21.
1078 2233 1117 2268 τὸ
1143 2236 1214 2267 ΑΓ
1233 2232 1357 2267 Vat.v.
1452 2235 1515 2283 ²²}

121 2280 124 2284 ’
193 2280 277 2325 ΑΕ]
305 2281 370 2314 ΕΑ
396 2290 427 2313 a.
523 2280 586 2314 καὶ
611 2279 651 2315 τό
677 2291 707 2314 a.
1498 2297 1505 2306 ·=
