1520 2508
99 896 142 926 10

99 1323 142 1354 15

99 1675 144 1706 20

163 115 250 156 284
717 114 930 147 sonem.
1454 93 1487 158 *ᾆξ’
1516 100 1520 167 'j

165 208 338 251 δέδοται
374 215 425 263 τῇ
456 206 578 249 θέσει
611 205 682 249 καὶ
713 213 772 263 τῷ
803 205 996 261 μεγέθει,
1040 207 1148 248 ὥστε
1177 205 1249 248 καὶ
1279 206 1302 248 ὁ
1331 206 1520 266 κύκλος
1518 170 1520 222 Ι

165 279 238 319 διὰ
268 279 345 319 τὸν
376 277 493 332 ὅρον.
504 275 535 333 ¹)

630 380 698 422 Ad
728 395 846 434 prop.
878 379 1028 421 XLIV.

256 464 323 504 94.
366 463 445 516 Μὴ
477 464 584 503 ἔστω
611 462 665 514 δή
694 477 734 515 p.
755 462 822 515 80,
851 461 896 515 6]
934 462 974 502 εί
995 461 1078 515 γὰρ
1103 460 1335 513 ὑποτεθείη
1360 459 1487 518 ὀρθή,

167 532 304 581 εὐθὺς
334 531 507 573 δέδοται
537 538 597 588 τῷ
629 532 734 573 εἰδει
765 531 838 572 διὰ
868 531 917 572 τὸ
947 531 1031 586 πρὸ
1063 530 1209 572 αὐτοῦ.

253 613 320 654 95.
365 614 507 665 Λόγος
543 613 627 667 ἄρα
662 617 738 665 τῆς
775 614 855 653 BA
890 627 928 666 p.
962 613 1035 664 80,
1069 610 1141 665 11]
1180 611 1252 652 διὰ
1287 611 1335 652 τὸ
1373 608 1488 652 ἀντί·

166 693 361 738 στροφον
403 687 481 723 τοῦ
525 682 631 736 ὅρου
673 688 762 723 τῶν
797 680 1059 735 Δεδομένων
1095 681 1169 722 διὰ
1204 681 1252 721 τὸ
1283 679 1341 734 μ’.
1401 676 1491 724 ἐπεῖ

166 752 268 807 γάρ,
312 748 374 793 ὧν
411 752 459 792 αἱ
486 753 641 804 γωνίαι
679 749 906 805 δεδομέναι
942 749 1025 791 εἰσὶ
1061 748 1132 791 καὶ
1169 751 1214 791 οἱ
1247 751 1368 803 λόγοι
1402 756 1491 792 τῶν,

165 824 367 876 πλευρῶν
390 821 499 876 πρὸς
523 819 723 873 ἀλλήλας,
755 819 896 861 ἐκεῖνα
921 818 1131 872 δεδομένα
1156 820 1279 871 εἰσίν,
1309 817 1380 860 καὶ
1403 808 1491 871 τῶν

168 889 415 944 δεδομένων
445 890 528 945 ἄρα
559 895 618 945 τῷ
650 889 765 930 εἴδει-
786 887 1015 942 δεδομέναι
1046 886 1128 929 εἰσὶ
1158 886 1230 929 καὶ
1261 888 1309 928 αἱ
1335 878 1490 940 γωνίαε

166 958 238 1001 καὶ
269 960 314 1001 οἶ
342 960 464 1012 λόγοι
494 965 582 999 τῶν
612 961 813 1010 πλευρῶν
843 958 951 1012 πρὸς
982 956 1180 1010 ἀλλήλας.
1484 944 1488 947 .

649 1095 716 1137 Ad
745 1110 863 1150 prop.
893 1095 1018 1137 XLV.

255 1180 323 1221 96.
355 1177 442 1220 Καὶ
468 1178 562 1220 ε’πεί
584 1177 701 1219 ἐστιν
726 1177 783 1226 ὡς
808 1177 833 1230 ἡ
854 1180 935 1218 ΒΑ
958 1192 998 1231 p.
1020 1178 1086 1232 82,
1105 1177 1180 1231 21]
1213 1177 1270 1226 ὡς
1295 1176 1342 1218 ἐν
1366 1183 1424 1234 τςό
1448 1165 1512 1222 ς’ᾆ’

168 1256 255 1290 τῶν
292 1249 516 1302 στοιχείων
552 1246 648 1303 (VI,
681 1245 744 1302 3)·
794 1246 870 1288 ἐὰν
905 1247 1121 1302 τριγώνου
1158 1245 1184 1300 ἡ
1222 1248 1358 1299 γωνία
1393 1236 1502 1300 δίχαξὲ

168 1322 332 1373 τμηθῇ,
363 1317 388 1370 ἡ
421 1314 468 1358 δὲ
499 1316 714 1370 τέμνουσα
745 1316 882 1370 αὐτὴν
913 1314 981 1357 ἐπὶ
1011 1316 1091 1369 τὴν
1118 1316 1247 1369 βάσιν
1279 1315 1410 1371 ἀχθῇ,
1439 1314 1502 1357 τὰ

168 1393 244 1441 τῆς
266 1387 432 1441 βάσεως
455 1385 528 1427 καὶ
553 1386 605 1427 τὰ
631 1384 736 1439 ἑξῆς.
785 1386 825 1426 εί
848 1386 947 1439 δίχα
971 1384 1170 1439 τέτμηται
1194 1383 1220 1437 ἡ
1245 1384 1329 1425 ὑπὸ
1356 1386 1435 1425 ΒΑ
1443 1384 1502 1438 Γ,

169 1457 229 1506 ὡς
257 1456 284 1509 ἡ
316 1458 395 1498 ΓΑ
430 1456 539 1510 πρὸς
569 1458 675 1509 ΑΒ,
717 1454 743 1508 ἡ
777 1457 855 1495 ΓΔ
889 1455 999 1510 πρὸς
1027 1457 1132 1496 ΔΒ·
1175 1452 1246 1494 καὶ
1284 1445 1506 1507 συνθέντι(

170 1527 228 1576 ὡς
258 1527 587 1580 συναμφότερος
622 1525 648 1578 ἡ
682 1526 778 1577 ΓΑ,
804 1526 890 1564 ΑΒ
926 1524 1035 1578 πρὸς
1064 1526 1169 1576 ΑΒ,
1206 1523 1232 1576 ἡ
1271 1525 1349 1564 ΓΒ
1385 1511 1503 1576 nobes

169 1598 269 1637 BA·
311 1593 384 1636 καὶ
421 1592 600 1643 ἐναλλὰξ
639 1593 698 1642 ὡς
727 1595 1054 1648 συναμφότερος
1084 1591 1110 1645 ἡ
1144 1594 1239 1646 ΓΑ,
1265 1595 1351 1633 ΑΒ
1385 1591 1506 1651 πρὸς

171 1666 292 1751 ΓΒ,
294 1663 320 1717 ἡ
347 1666 431 1705 ΑΒ
462 1664 570 1718 πρὸς
600 1665 694 1703 ΒΔ.

266 1791 299 1834 1)
331 1787 400 1822 Hie
430 1788 468 1821 in
500 1799 548 1822 vz
581 1786 755 1822 continuo
787 1786 888 1821 add*
926 1784 1074 1820 δέδοται
1104 1786 1144 1820 τὸ
1176 1784 1327 1829 κέντρον
1353 1784 1492 1829 (καὶτὸ

171 1834 324 1879 κέντρον
350 1834 418 1879 γὰρ
442 1835 555 1869 αὐτοῦ
576 1832 724 1868 δέδοται
749 1835 780 1878 Ζ)
805 1838 848 1879 τῇ
867 1831 980 1867 θέσει.
1020 1832 1052 1866 εἰ
1071 1831 1138 1878 γὰρ
1159 1832 1219 1876 μή,
1245 1830 1517 1876 peramans'to)...

175 1880 385 1940 (μεταπέσοι
410 1881 457 1916 ἄν
483 1883 532 1925 2)·
561 1878 811 1924 διαφυλάττον
837 1881 865 1923 (-
870 1892 904 1914 οι
929 1881 960 1922 z)
984 1884 1048 1923 τῆς
1071 1877 1238 1923 ἡμισείας
1261 1883 1324 1923 τῆς
1348 1880 1421 1913 ΔΕ
1443 1876 1515 1924 πῖν’

171 1927 321 1974 μεγέθει
339 1928 403 1963 καὶ
420 1927 488 1972 τὴν
506 1925 615 1962 θέσιν
629 1927 672 1962 οὐ
693 1925 875 1971 φυλάττει.
914 1924 1063 1960 δέδοται
1082 1925 1153 1969 ἄρα
1178 1926 1191 1969 (
1218 1935 1257 1958 ro
1276 1927 1325 1971 τῷ
1344 1922 1506 1981 μεγέθειῘ

173 1996 215 2001 —-
242 1975 314 2018 ἄρα
340 1986 375 2010 z:
413 1974 452 2009 τὸ
485 1971 643 2018 μέγεθος
673 1972 736 2008 καὶ
765 1978 809 2018 τῇ
838 1970 942 2007 θέσει
974 1971 1032 2006 οὔ·
1071 1936 1311 2016 perungam
1312 1969 1368 2006 δέ·
1407 1966 1491 2006 οὐδὲ

171 2021 241 2066 γὰρ
270 2020 447 2066 φυλάξει).

266 2140 320 2171 94.
346 2135 522 2171 PMon.S.
620 2138 673 2170 95.
701 2147 729 2169 Ζ.
827 2137 880 2169 96.
906 2133 1017 2168 ΡΙσλ.

174 2251 427 2344 Βίηῇἒῇσῖε]
454 2250 541 2286 ὥστε
567 2249 715 2285 δέδοται
740 2249 863 2285 Ambr.
961 2252 1014 2283 17.
1041 2250 1125 2295 AB]
1151 2251 1215 2283 AB
1241 2248 1344 2282 codd.
1436 2238 1520 2282 19.s
