1520 2508
171 118 257 159 224
677 78 679 81 -
710 120 958 154 ΑΡΡΕΝΒῙΧ.

170 211 243 254 καὶ
278 213 326 253 τὸ
363 211 446 254 ἀπὸ
483 218 558 266 τῆς
588 215 693 254 ΑΒ·
736 213 918 255 δοθεῖσα
954 214 1038 269 ἄρα
1073 213 1100 268 ἡ
1136 217 1234 256 ΑΒ.
1293 216 1376 256 καί
1402 213 1478 272 ε’σ·δ

171 283 299 334 λόγος
322 286 397 335 τῆς
415 284 500 324 ΑΒ
525 282 633 337 πρὸς
651 284 740 323 ΒΓ
758 282 924 332 δοθείς·
949 283 1132 325 δοθεῖσα
1155 284 1239 340 ἄρα
1262 283 1335 326 καὶ
1352 283 1379 338 ἡ
1398 287 1435 326 Β
1475 311 1478 314 ·
1511 321 1515 329 ,-

578 469 759 522 Λῆμμα
787 472 876 509 τοῦ
908 466 1084 509 ἐπάνω.

257 573 362 619 Πῶς
403 570 540 613 δοθέν
576 571 665 613 ἐστι
707 572 755 613 τὸ
797 571 882 614 ὑπὸ
919 579 1008 614 τῶν
1044 575 1181 614 ΑΒΓ
1217 572 1438 626 ὀρθογώνι
1512 586 1515 588 ’

124 647 145 677 5
171 638 374 693 ἀμβλείας
403 639 687 696 ὑποκειμένης
716 647 792 695 τῆς
820 641 905 683 ὑπὸ
936 643 1074 683 ΑΒΓ
1098 643 1276 695 γωνίας;

256 721 380 775 ἤχθω
411 721 495 763 ἀπὸ
527 728 605 763 τοῦ
636 725 673 763 Β
705 725 882 777 σημείου
913 723 1098 772 κάθετος
1127 723 1154 777 ἡ
1185 726 1281 777 ΒΔ,
1317 721 1389 764 καὶ
1425 721 1472 764 ἐκ

169 791 401 844 βεβλήσθω
439 791 466 845 ἡ
504 793 584 832 ΓΔ
621 789 690 832 ἐπὶ
725 791 773 833 τὸ
814 794 868 845 Θ,
910 790 983 833 καὶ
1019 792 1407 847 συμπεπληρώσθω
1443 806 1468 833 τ
1514 822 1517 826 ψ

167 862 341 902 ΒΔΘΛ
371 859 665 915 ὀρθογώνιον·
709 864 806 902 ἴσον
843 861 926 916 ἄρα
957 859 1047 902 ἐστὶ
1076 867 1136 918 τῷ
1168 863 1264 903 ΛΓ.
1323 859 1396 902 καὶ
1427 860 1518 914 ἐκέ

167 931 398 983 βεβλήσθω
435 929 461 983 ἡ
491 932 579 971 ΛΒ
616 928 686 971 ἐπὶ
721 930 770 971 τὸ
806 933 860 984 Ζ,
902 929 975 972 καὶ
1009 932 1172 972 κείσθω
1209 937 1260 986 τῇ
1296 932 1385 972 ΒΓ
1421 933 1465 972 ἴσ
1478 933 1496 964 1⁸

100 1004 144 1036 10
168 998 195 1053 ἡ
227 1001 322 1052 ΒΖ,
352 996 424 1039 καὶ
455 999 842 1055 συμπεπληρώσθω
873 1000 921 1041 τὸ
946 1003 989 1041 Α
998 1003 1033 1041 Ζ
1063 999 1350 1056 ὀρθογώνιον.
1405 999 1499 1042 ε’πεῚᾸι

168 1063 250 1109 οὖν
280 1067 464 1109 δοθεῖσα
495 1066 612 1109 ἐστιν
648 1067 675 1122 ἡ
705 1067 790 1110 ὑπὸ
821 1070 974 1110 ΑΒΓ·
1017 1069 1240 1111 ὑπόκειται
1276 1069 1376 1124 γάρ·
1420 1069 1472 1111 δο

167 1140 297 1178 θεῖσα
334 1134 382 1178 δὲ
417 1134 489 1178 καὶ
524 1135 551 1190 ἡ
587 1136 673 1179 ὑπὸ
704 1140 852 1179 ΑΒΔ·
896 1137 1011 1194 ὀρθὴ
1049 1137 1150 1194 γάρ·
1193 1139 1320 1193 λοιπὴ
1351 1139 1435 1195 ἄρα
1518 1137 1519 1140 ’

166 1205 252 1247 ὑπὸ
282 1208 422 1248 ΔΒΓ
446 1206 628 1248 δοθεῖσα
660 1206 789 1249 ἐστιν.
848 1206 921 1249 καὶ
951 1207 1065 1263 ὀρθὴ
1095 1207 1122 1261 ἡ
1153 1211 1213 1249 Δ·
1251 1209 1377 1262 λοιπὴ
1408 1209 1517 1264 ἄρα’

167 1275 194 1329 ἡ
227 1277 269 1317 Γ
293 1276 475 1332 δοθεῖσα
506 1275 640 1318 ἐστιν·
673 1274 809 1319 δοθὲν
839 1278 923 1333 ἄρα
953 1277 1002 1319 τὸ
1033 1280 1071 1318 Β
1080 1279 1160 1319 ΓΔ
1190 1279 1405 1333 τρίγωνον
1431 1292 1483 1319 τιι
1515 1267 1518 1270 ”

99 1351 142 1383 15
167 1345 291 1386 εἴδει·
334 1347 463 1399 λόγος
498 1346 583 1401 ἄρα
618 1340 695 1400 τῆς
730 1349 816 1388 ΔΒ
852 1347 962 1402 πρὸς
995 1348 1085 1388 ΒΓ
1114 1347 1275 1396 δοθείς.
1335 1350 1406 1400 ἴση
1443 1343 1498 1396 δὲ

167 1414 194 1468 ἡ
225 1416 314 1455 ΒΓ
336 1421 388 1469 τῇ
419 1417 518 1456 ΒΖ·
559 1417 688 1469 λόγος
717 1416 802 1471 ἄρα
831 1414 904 1457 καὶ
933 1421 1009 1470 τῆς
1038 1419 1125 1458 ΔΒ
1161 1417 1269 1471 πρὸς
1300 1419 1382 1458 ΒΖ
1419 1416 1520 1468 δο-·

165 1485 279 1532 θείς·
332 1484 442 1525 ὥστε
487 1483 560 1526 καὶ
608 1490 686 1526 τοῦ
735 1487 820 1527 ΒΘ
866 1486 975 1541 πρὸς
1024 1488 1109 1527 ΖΑ
1155 1487 1283 1539 λόγος
1331 1486 1495 1537 δοθείς,

168 1555 265 1594 ἴσον
306 1550 369 1594 δὲ
422 1554 470 1594 τὸ
519 1555 611 1594 ΒΘ
664 1559 724 1611 τῷ
773 1556 887 1595 ΑΓ·
949 1556 1077 1608 λόγος
1130 1556 1213 1611 ἄρα
1267 1560 1345 1596 τοῦ
1398 1558 1442 1596 Λ

165 1622 274 1677 πρὸς
315 1625 402 1663 ΑΖ
444 1623 605 1672 δοθείς.
676 1621 750 1664 καὶ
798 1621 933 1665 δοθὲν
974 1625 1023 1667 τὸ
1066 1626 1174 1666 ΑΓ·
1224 1621 1359 1666 δοθὲν
1407 1624 1515 1686 ἄρα

97 1697 143 1730 20
165 1689 239 1733 καὶ
277 1692 325 1733 τὸ
362 1695 404 1733 Α
414 1694 467 1745 Ζ,
498 1690 693 1734 τουτέστι
723 1692 771 1734 τὸ
802 1692 887 1734 ὑπὸ
918 1696 1068 1747 ΑΒΖ,
1101 1692 1295 1735 τουτέστι
1325 1693 1373 1735 τὸ
1403 1693 1520 1735 ὑπὸ,

165 1762 307 1802 ΑΒΓ.
1519 1765 1520 1768 ’

257 1954 336 1990 Ηοο
360 1954 494 1990 lemma
520 1966 590 1991 om.
615 1955 744 2001 Hardy
769 1956 806 1990 eb
831 1955 1038 2001 Gregorius.
1088 1967 1122 1992 u.
1149 1955 1261 1992 schol.
1287 1969 1340 1992 nr.
1368 1960 1445 1992 187.

259 2156 291 2186 2.
319 2154 392 2187 ΒΓ
406 2153 485 2197 (pr.)
527 2155 591 2187 BA
614 2152 748 2199 ναίω.
869 2155 900 2187 8.
927 2152 1174 2200 ὀρθογώνιον]
1202 2137 1229 2197 ἓ
1255 2153 1372 2199 codd„
1397 2153 1488 2188 stem
1507 2135 1517 2187 i

164 2196 228 2231 liu.
256 2201 310 2232 10.
429 2201 478 2245 τῷ
519 2198 559 2234 τό
583 2198 622 2234 Ρ.
751 2201 803 2234 11.
829 2201 938 2233 ΑΒΓ
956 2198 1072 2244 γωνία
1096 2199 1180 2235 Vat.
1293 2203 1346 2235 12.
1371 2203 1472 2235 ΑΒΔ
1512 2206 1517 2244 j

163 2246 229 2278 AB
253 2243 291 2278 P.
414 2247 467 2279 13.
497 2244 610 2291 ὀρθή]
641 2250 679 2292 j·
708 2245 747 2280 P.
868 2247 921 2280 15.
947 2246 1024 2292 τῆς]
1048 2251 1113 2282 τοῦ
1137 2245 1222 2283 Vat.
1342 2249 1396 2282 18.
1421 2200 1489 2293 τῷ]
1514 2251 1517 2278 1³

164 2300 205 2336 τό
228 2300 268 2335 Ρ.
