1520 2508
1477 72 1505 85 ,ψ

152 96 209 137 52
394 145 398 148 ,
679 98 947 133 ΔΕΔΟΜΕΝΑ.

789 203 841 245 λ’.

181 298 186 303 ·
237 282 337 325 Ἐὰν
373 283 455 324 ἀπὸ
494 282 732 337 δεδομένου
771 286 948 339 σημείου
987 284 1056 327 ε’πὶ
1085 285 1209 328 θέσει
1240 285 1475 341 δεδομένην

154 354 333 395 εὐθεῖαν
364 353 516 394 εὐθεῖα
546 353 719 408 γραμμὴ
758 353 874 409 ἀχθῇ
911 353 1149 408 δεδομένην
1179 361 1364 397 ποιοῦσα
1393 371 1474 409 γω-

152 425 266 476 νίαν,
298 421 471 464 δέδοται
502 421 527 475 ἡ
560 421 743 476 ἀχθεῖσα
772 428 823 477 τῇ
853 422 986 465 θέσει.

106 498 126 529 5
234 491 317 533 ἀπὸ
349 492 432 547 γὰρ
465 490 701 545 δεδομένου
733 494 911 546 σημείου
939 498 1017 534 τοῦ
1042 496 1085 534 A
1115 491 1185 534 ἐπὶ
1208 491 1329 535 θέσει
1354 494 1473 536 δεδο-

150 560 286 615 μένην
323 561 501 602 εὐθεῖαν
537 561 617 614 τὴν
652 563 740 602 ΒΓ
775 561 925 603 εὐθεῖα
960 563 1132 617 γραμμὴ
1170 563 1292 616 ἤχθω
1328 562 1354 616 ἡ
1385 566 1474 606 ΑΔ

153 628 391 684 δεδομένην
420 636 607 672 ποιοῦσα
637 632 802 684 γωνίαν
832 631 911 685 τὴν
940 631 1025 673 ὑπὸ
1050 638 1139 672 τῶν
1163 634 1303 673 ΑΔΓ.
1353 631 1473 687 λέγω,

151 699 216 741 ὅτι
246 698 369 740 θέσει
401 697 519 740 ἐστὶν
549 698 574 752 ἡ
607 703 702 741 ΑΔ.

238 770 279 810 εἰ
307 769 389 821 γὰρ
427 770 503 822 μή,
541 768 748 823 μένοντος
782 775 860 811 τοῦ
891 772 933 810 A
969 771 1148 823 σημείου
1183 777 1474 824 μεταπεσεῖται

83 844 127 875 10
152 844 228 892 τῆς
263 841 351 879 ΑΔ
387 837 413 891 ἡ
450 837 575 887 θέσις
614 839 879 894 διατηροῦσα
915 844 990 892 τῆς
1026 838 1111 880 ὑπὸ
1149 842 1235 880 ΑΔ
1246 842 1287 881 Γ
1319 841 1476 893 γωνίας

151 908 199 949 τὸ
236 906 432 962 μέγεθος.
493 907 785 961 μεταπιπτέτω
822 907 894 949 καὶ
931 909 1038 950 ἔστω
1075 907 1102 961 ἡ
1134 912 1231 950 AZ.
1293 912 1363 963 ἴση
1394 910 1475 965 ἄρα

151 975 269 1018 ἐστὶν
306 976 332 1029 ἡ
370 976 454 1018 ὑπὸ
486 983 574 1018 τῶν
604 979 739 1019 ΑΔΓ
770 979 906 1030 γωνία
942 984 994 1033 τῇ
1030 977 1116 1019 ὑπὸ
1153 984 1241 1019 τῶν
1271 980 1412 1032 ΛΖΓ,
1447 977 1472 1032 ἡ

150 1048 304 1099 μείζων
341 1052 392 1100 τῇ
431 1045 643 1088 ἐλάττονι·
687 1046 791 1101 ὅπερ
830 1045 947 1088 ἐστὶν
983 1046 1212 1088 ἀδύνατον.
1279 1047 1358 1089 οὐκ
1393 1048 1474 1103 ἄρα

150 1122 446 1168 μεταπεσεῖται
476 1121 551 1170 τῆς
575 1119 661 1158 ΑΔ
691 1116 717 1170 ἡ
748 1114 882 1165 θέσις.
931 1114 1053 1158 θέσει
1077 1117 1161 1169 ἄρα
1185 1115 1303 1158 ἐστὶν
1326 1116 1352 1170 ἡ
1379 1120 1472 1159 ΑΔ.

80 1247 122 1278 15
771 1242 853 1284 λα’.

233 1321 334 1364 Ἐὰν
373 1323 456 1364 ἀπὸ
494 1322 731 1378 δεδομένου
768 1326 946 1378 σημείου
984 1323 1052 1366 ἐπὶ
1083 1323 1203 1366 θέσει
1233 1321 1474 1379 ἴδεδομένην

150 1391 330 1434 εὐθεῖαν
367 1392 519 1434 εὐθεῖα
555 1394 729 1448 γραμμὴ
765 1395 1024 1448 προσβληθῇ
1061 1392 1270 1447 δεδομένη
1309 1399 1368 1450 τῷ
1404 1407 1472 1447 με-

146 1459 282 1515 γέθει,
313 1460 486 1503 δέδοται
516 1461 588 1503 καὶ
618 1469 669 1518 τῇ
699 1461 832 1504 θέσει.

239 1530 322 1572 ἀπὸ
354 1531 436 1586 γὰρ
469 1530 705 1586 δεδομένου
731 1533 909 1586 σημείου
937 1537 1015 1573 τοῦ
1041 1535 1083 1573 A
1114 1530 1182 1574 ἐπὶ
1206 1530 1328 1573 θέσει
1353 1532 1471 1573 δεδο-

81 1605 126 1636 20
151 1598 286 1654 μένην
315 1598 502 1657 ξεύθεῖαν
538 1602 617 1654 τὴν
654 1603 743 1642 ΒΓ
779 1601 930 1643 εὐθεῖα
973 1602 1145 1657 γραμμὴ
1188 1602 1311 1655 ἤχθω
1355 1601 1473 1642 δεδο-

150 1667 257 1723 μένη
289 1676 348 1726 τῷ
380 1668 566 1724 μεγέθει.
616 1668 740 1724 λέγω,
772 1670 837 1711 ὅτι
868 1669 939 1712 καὶ
970 1677 1022 1726 τῇ
1052 1669 1173 1712 θέσει
1205 1669 1388 1712 δέδοται.

239 1738 403 1796 κέντρῳ
436 1740 517 1795 γὰρ
555 1745 614 1795 τῷ
646 1742 707 1793 A,
746 1739 1000 1794 διαστήματι
1038 1737 1085 1781 δὲ
1116 1746 1175 1796 τῷ
1206 1743 1292 1780 ΑΔ
1320 1740 1474 1788 κύκλος

150 1808 389 1863 γεγράφθω
422 1808 444 1850 ὁ
477 1811 565 1850 ΕΔ
574 1812 620 1850 Ζ.
675 1807 797 1850 θέσει
828 1809 911 1863 ἄρα
943 1807 1060 1850 ἐστὶν
1091 1808 1113 1850 ὁ
1139 1812 1226 1850 ΕΔ
1236 1812 1270 1850 Ζ
1300 1809 1470 1857 κύκλος·

152 1876 325 1919 δέδοται
361 1878 443 1932 γὰρ
482 1877 617 1919 αὐτοῦ
647 1878 695 1919 τὸ
727 1881 769 1918 Α
803 1876 984 1932 κέντρον
1020 1883 1071 1932 τῇ
1108 1876 1229 1919 θέσει
1255 1876 1336 1919 καὶ
1369 1877 1394 1931 ἡ
1426 1876 1471 1919 ἐκ

81 1952 125 1983 25
151 1953 228 1988 τοῦ
259 1945 441 2002 κέντρου
472 1946 497 2000 ἡ
531 1950 620 1988 ΑΔ
656 1953 715 2003 τῷ
751 1946 935 2001 μεγέθει.
995 1946 1117 1989 θέσει
1147 1945 1195 1988 δὲ
1225 1946 1297 1988 καὶ
1333 1946 1358 1999 ἡ
1390 1947 1476 1987 ΒΓ

245 2052 275 2082 6.
303 2049 473 2094 εὐθεῖαν]
500 2060 568 2083 om.
596 2060 628 2084 a.
750 2053 802 2084 10.
828 2054 891 2093 τῆς
905 2050 1000 2094 (pr.)]
1026 2049 1048 2093 ἡ
1075 2060 1106 2083 a.
1228 2052 1279 2083 13.
1308 2047 1471 2083 ἐλάσσονι

149 2105 210 2128 va.
309 2097 362 2129 14.
395 2093 513 2141 θέσει]
538 2093 643 2135 θέσις
668 2106 699 2130 a.
809 2095 1018 2138 Sequuntur
1042 2096 1114 2129 tres
1141 2095 1336 2129 demonstr.
1363 2093 1468 2139 aliae,

150 2151 183 2174 u.
205 2151 287 2184 app.
371 2144 425 2176 20.
452 2141 541 2175 Post
565 2140 670 2186 ἤχθω
695 2141 778 2176 add.
805 2141 827 2185 ἡ
848 2143 921 2176 ΔΕ
945 2142 1070 2185 Vat.v‚
1096 2142 1119 2186 ἡ
1140 2145 1200 2176 ΔΑ
1227 2152 1258 2175 a.
1332 2144 1385 2175 21.
1412 2138 1469 2175 δέ·

150 2187 256 2220 δοται
281 2187 344 2220 καὶ
368 2192 411 2245 τῇ
436 2186 541 2222 θέσει
566 2199 597 2222 a.
700 2192 754 2223 22.
784 2187 928 2233 κύκλος]
955 2199 1069 2232 comp.
1098 2199 1129 2222 a.
1226 2191 1281 2222 23.
1307 2185 1410 2221 θέσει
1428 2206 1470 2211 -

149 2232 295 2312 ἰξύῦιλος]
323 2233 341 2267 ὁ
368 2234 407 2267 δε
436 2236 544 2268 ΕΔΖ
568 2234 700 2274 κύκλος
724 2236 868 2278 (comp.)
893 2232 1041 2269 δέδοται
1066 2246 1097 2268 a.
1215 2236 1285 2268 ΕΛ
1296 2234 1337 2278 Ζ]
1364 2234 1470 2268 ΔΕΖ

219 2280 308 2313 ἑήν.
