1520 2508
634 95 775 130 DATA.
1300 93 1384 135 115

6 155 8 178 Ι

5 179 8 250 ἶ
39 193 91 236 ad
113 191 560 248 parallelogrammum
586 190 800 232 rationem
824 190 958 232 habet
983 190 1141 246 datam,
1165 190 1389 246 parallelo-

5 276 7 292 ¹
37 276 273 320 grammum
305 262 454 303 datum
485 263 552 304 est
583 261 737 316 specie.

4 319 7 330 ,
123 347 222 375 nam
262 332 370 374 duae
410 335 553 374 rectae
585 335 628 373 A
634 334 686 387 B,
712 333 793 373 ΓΔ
828 331 944 374 inter
981 347 1026 374 se
1063 331 1278 374 rationem
1314 331 1388 373 ha-

39 404 166 447 beant
197 403 354 458 datam,
386 406 429 445 et
462 403 732 445 describatur
762 403 809 443 in
834 405 921 444 AB
953 403 1095 459 figura
1121 402 1261 458 specie
1289 402 1390 444 data

0 488 1 492 ’
37 477 183 529 ΑΕΒ,
218 473 266 515 in
296 475 378 516 ΓΔ
415 476 561 516 autem
591 474 1049 530 parallelogrammum
1079 478 1123 516 A
1132 477 1168 516 Z
1205 474 1252 515 in
1284 474 1385 515 dato

0 570 2 582 ι
38 545 191 602 angulo
225 546 373 600 ΖΓΛ,
410 547 454 586 et
485 544 598 586 ratio
631 544 797 600 figurae
828 547 913 586 ΕΒ
952 545 1005 586 ad
1035 545 1388 601 parallelogram-

0 583 5 660 i
37 631 152 659 mum
185 618 264 657 ZA
295 615 395 656 data
427 614 495 657 sit.
558 615 674 671 dico,
708 614 1165 671 parallelogrammum
1197 619 1240 657 A
1250 618 1286 657 Z
1318 615 1388 657 da-

36 689 128 730 tum
157 700 248 728 esse
281 686 432 742 specie.

0 799 2 808 ‚
122 756 387 799 describatur
407 758 521 799 enim
540 758 587 799 in
600 760 687 799 AB
706 757 1115 813 parallelogrammo
1132 761 1176 798 A
1188 760 1224 798 Z
1244 756 1385 798 simile

38 831 80 870 et
111 827 307 870 similiter
337 828 530 883 positum
560 828 1016 884 parallelogrammum
1047 831 1150 870 AH
1179 826 1272 883 [VL
1300 825 1386 884 18].

0 882 1 916 ἔ
263 936 307 970 E
504 899 708 953 quoniam
753 899 866 941 ratio
911 901 999 940 AB
1020 915 1029 940 ε
1051 901 1094 940 Γ
1088 902 1132 940 Δ
1173 899 1274 940 data
1318 900 1385 940 est

0 959 1 990 ³
504 973 547 1012 et
583 970 630 1011 in
661 972 748 1011 AB
757 1005 769 1025 ‚
795 971 876 1012 ΓΔ
914 970 1155 1024 descriptae
1189 962 1290 1011 s'unt
1331 969 1385 1011 si-

502 1040 626 1082 miles
675 1044 718 1082 et
764 1040 966 1082 similiter
1008 1040 1177 1096 positae
1220 1040 1386 1096 figurae

501 1111 747 1154 rectilineae
771 1114 878 1167 AH,
901 1114 1000 1167 ZA,
1024 1111 1137 1153 ratio
1158 1114 1202 1152 A
1210 1113 1263 1152 H
1273 1126 1281 1152 :
1299 1114 1385 1153 ZA

42 1197 192 1233 A*
371 1196 413 1230 B
502 1183 602 1224 data
641 1182 722 1224 erit
766 1182 906 1237 [prop.
938 1181 1006 1237 L].
1075 1196 1228 1223 uerum
1270 1181 1384 1223 ratio

41 1286 45 1287 γ
360 1275 364 1291 ;
504 1256 591 1295 ΖΔ
616 1269 625 1294 :
651 1242 734 1294 ΕΒ
780 1253 882 1295 data
925 1255 1001 1295 est.
1077 1267 1208 1307 quare
1251 1253 1384 1295 etiam

329 1294 364 1391 *j
501 1324 613 1366 ratio
634 1327 676 1365 E
682 1326 718 1365 Β
734 1339 743 1365 z
758 1328 801 1365 A
808 1327 861 1365 H
877 1324 979 1366 data
998 1326 1065 1365 est
1087 1323 1226 1379 [prop.
1240 1323 1383 1379 VIII].

43 1375 82 1467 Ξ
363 1376 417 1410 H
501 1398 544 1436 et
575 1399 602 1444 L
623 1397 755 1436 ΒΑΘ
789 1395 915 1436 datus
942 1397 1024 1450 est3
1055 1409 1158 1436 nam
1190 1394 1383 1450 aequalis

32 1457 45 1460 Η
89 1473 94 1564 ¹
239 1456 243 1576 ι
501 1469 568 1508 est
599 1466 758 1522 angulo
794 1467 920 1508 ΖΓΔ
953 1465 1035 1521 [VI
1062 1465 1142 1507 def.
1174 1465 1232 1521 1].
1294 1465 1383 1507 iam

41 1565 93 1604 Γ-
238 1570 279 1606 Δ
503 1537 707 1592 quoniam
745 1537 872 1578 lateri
905 1539 992 1578 AB
1037 1537 1201 1592 figurae
1242 1536 1382 1592 specie

503 1609 627 1650 datae
665 1610 748 1650 ΕΒ
794 1607 1059 1663 adplicatum
1098 1610 1163 1649 est
1200 1610 1302 1649 AH
1337 1607 1383 1649 in

36 1676 134 1719 dato
171 1678 326 1733 angulo
362 1681 487 1721 ΘΑΒ
523 1681 566 1720 et
603 1679 716 1720 ratio
748 1679 913 1735 figurae
947 1681 1042 1736 ΕΒ
1071 1679 1125 1720 ad
1156 1678 1382 1733 parallelo-

36 1761 273 1804 grammum
321 1752 429 1791 AH
478 1750 579 1792 data
628 1753 715 1806 est,
771 1753 879 1791 AH
923 1750 1073 1791 datum
1123 1752 1189 1791 est
1240 1749 1381 1804 specie

37 1817 171 1874 [prop.
191 1819 320 1875 LXI]
374 1823 418 1862 et
443 1820 584 1863 simile
610 1824 676 1863 est
701 1821 1110 1877 parallelogrammo
1133 1823 1225 1862 ZA.
1277 1834 1380 1876 ergo

37 1889 167 1931 etiam
199 1893 277 1932 ZA
307 1891 455 1933 datum
487 1894 553 1933 est
586 1891 728 1947 specie
762 1891 862 1946 [def.
887 1891 945 1946 3].
