1520 2508
26 0 95 62 5

24 129 26 149 k
64 142 68 149 .

22 157 25 222 l
58 180 114 224 ob
154 194 245 222 rem
286 178 509 234 problema
557 178 646 220 iam
687 178 883 234 parabile
927 182 995 221 est
1044 182 1121 221 aut
1165 179 1406 222 inuentum.

22 250 23 267 ³
52 250 186 308 'J'quam
218 250 426 305 quidquid
455 251 633 292 notum
664 252 748 305 est,
787 264 875 292 non
905 249 1012 292 item
1047 250 1302 307 parabile,
1333 252 1407 294 sed

20 318 22 333 ²
55 320 263 379 quidquid
305 320 539 376 parabile
583 323 668 376 est,
710 320 826 362 idem
863 324 1059 377 notum3
1096 320 1229 364 latius
1270 322 1407 378 igitur

18 386 21 450 J
52 394 175 451 Patet
203 394 380 434 notum
413 406 541 447 quam
572 391 823 446 parabile.

17 451 20 468 ¹
57 456 62 459 “
142 477 288 504 rursus
309 466 454 504 autem
478 465 656 504 notum
682 465 725 504 et
749 462 1008 506 rationale
1035 463 1179 519 aliqua
1205 478 1256 505 ex
1281 467 1406 519 parte

15 586 16 589 Ἴ
55 536 312 589 congruunt,
335 547 484 575 rursus
505 536 650 576 autem
670 533 873 576 differunt
896 534 1012 576 inter
1037 549 1082 576 se
1108 549 1172 591 eo,
1203 549 1288 590 quo
1309 538 1408 578 ante

13 598 16 627 ‘³
53 603 252 660 diximus,
270 605 410 646 modo.
440 619 541 646 nam
560 603 699 646 lineae
718 604 1003 660 irrationales,
1024 620 1130 660 quas
1151 620 1408 648 commemo-

14 683 15 686 ’
57 674 264 730 ranimus,
293 677 422 717 notae
454 678 572 730 sunt,
602 690 741 730 neque
773 678 920 718 tamen
951 676 1124 718 eaedem
1155 676 1408 732 rationales3

52 748 204 797 eontra
246 746 385 788 omnis
428 760 632 788 numerus
676 746 902 788 rationalis
948 749 1034 802 est,
1076 761 1215 802 neque
1259 750 1406 789 tamen

51 815 192 864 „omnis
211 819 353 859 notus.
403 819 531 872 atque
557 817 814 859 rationale
839 817 908 873 iis,
939 818 1095 872 quibus
1123 818 1271 860 eadem
1291 818 1404 860 ratio

8 875 11 905 J
44 890 137 944 est,
177 887 339 943 pariter
376 887 633 929 rationale
673 890 756 944 est,
798 902 936 944 neque
971 888 1046 930 uni
1083 888 1231 944 aliqua
1265 889 1405 946 longi-

46 958 157 1001 tudo
187 957 413 1001 rationalis
446 958 546 1014 erit,
589 958 713 1000 alteri
744 973 833 1000 non
864 958 963 1011 erit3
1006 974 1108 1001 nam
1140 960 1194 1002 ad
1225 961 1405 1002 eandem

6 1043 8 1047 ’
42 1018 148 1080 {qam
187 1029 374 1071 referent
414 1044 672 1072 mensuram.
752 1030 827 1072 sed.
869 1030 1019 1072 eadem
1056 1030 1284 1087 longitudo
1328 1031 1404 1073 uni

0 1097 157 1160 3'37110ta
204 1103 293 1155 est,
349 1100 474 1142 alteri
525 1115 614 1142 non
669 1103 760 1156 est,
815 1100 987 1143 etiamsi
1037 1101 1185 1144 eadem
1234 1101 1403 1144 ratione

42 1173 241 1230 {utuntun
302 1171 489 1213 fortasse
521 1174 669 1213 autem
707 1171 840 1213 etiam
877 1172 960 1214 hoc
990 1172 1087 1215 loeo
1126 1172 1302 1215 difficile
1334 1175 1402 1215 est

0 1249 20 1288 ,Ψ
44 1241 214 1298 ,aliquid
245 1241 452 1298 inuenire,
487 1243 601 1297 quod
632 1242 746 1284 idem
777 1242 988 1284 rationale
1021 1242 1079 1285 sit
1111 1246 1154 1285 et
1184 1243 1402 1300 ignotum3

0 1346 2 1362 „
36 1304 230 1362 {motum
261 1313 376 1355 enim
406 1313 657 1356 rationali
689 1328 858 1368 quoque
889 1314 1020 1356 latius
1046 1317 1195 1369 patere
1220 1314 1402 1357 uidetur.

140 1383 373 1438 parabile
406 1387 551 1426 autem
590 1387 634 1426 et
670 1399 771 1426 non
800 1385 1038 1440 parabile
1078 1385 1239 1427 distare
1271 1401 1297 1427 a
1327 1400 1405 1427 ra-

31 1444 240 1506 {Jtionali
278 1457 321 1496 et
359 1455 679 1511 irrationali,
722 1470 774 1497 ex
804 1455 872 1497 his
905 1456 1101 1511 adparet3
1143 1456 1404 1511 parabilia

31 1524 166 1576 “fenim
195 1528 381 1580 possunt
407 1540 499 1568 esse
530 1526 663 1568 etiam
693 1526 1012 1569 irrationalium
1038 1527 1260 1583 quaedam,
1291 1527 1402 1570 m'hil

31 1583 195 1659 {autem
219 1596 498 1638 rationalium
522 1596 784 1639 irrationale.
834 1597 992 1639 horum
1018 1600 1164 1640 autem
1196 1598 1400 1654 cognatio

36 1662 164 1727 {vient
183 1669 424 1709 ceterorum
445 1668 644 1710 omnibus
663 1668 892 1723 perspicua
911 1671 996 1725 est3
1025 1668 1090 1711 ita
1107 1668 1245 1725 igitur
1270 1669 1403 1711 etiam

25 1732 156 1797 jhaee
197 1737 311 1779 inter
360 1753 405 1780 se
452 1738 634 1794 habent,
687 1742 738 1781 ut
779 1740 1038 1794 parabile
1075 1739 1207 1782 latius
1251 1743 1399 1794 patere

28 1800 247 1864 gmideatur
278 1823 408 1863 quam
437 1809 708 1851 rationale.

26 1874 29 1875 ⁷
139 1879 214 1920 sed
243 1879 346 1921 lieet
378 1894 546 1934 eorum,
584 1894 693 1935 quae
732 1883 831 1922 ante
867 1881 1093 1922 nominata
1124 1884 1245 1936 sunt,
1281 1881 1402 1923 diffe-

31 1949 235 2006 :rentiam
284 1950 416 1992 etiam
465 1951 549 1993 hoe
598 1951 727 1993 modo
775 1951 1059 1993 considerare.
1141 1951 1401 1994 rationale

48 2019 166 2062 enim
214 2023 257 2063 et
305 2020 617 2063 irrationale
667 2022 722 2063 ad
770 2021 898 2063 metri
940 2021 1155 2064 rationem
1198 2022 1402 2065 dicuntur

27 2101 188 2144 umque
213 2091 268 2133 ad
292 2091 585 2148 eognitionem
604 2094 799 2134 nostram
818 2092 1073 2134 referuntur.
1117 2095 1265 2148 potest
1285 2094 1400 2136 enim

22 2160 307 2204 ”rationale
339 2162 501 2217 aliquid
525 2162 652 2204 nobis
677 2163 879 2219 ignotum
898 2177 1004 2219 esse,
1035 2164 1250 2218 quomodo
1270 2165 1402 2207 ratio-

24 2260 94 2307 ζῑὸἑ
120 2263 162 2299 οὔ
203 2265 244 2300 τὸ
271 2264 307 2300 δ’
331 2266 374 2301 οὐ
400 2266 487 2301 Vat.
571 2270 625 2302 11.
652 2265 860 2314 ἀνοίσουσι]
886 2267 1066 2303 &wamma
1090 2268 1175 2304 Vat.
1269 2273 1324 2306 12.
1350 2273 1401 2305 τῶ

28 2307 94 2350 --ζδὲ
120 2264 179 2358 045}
204 2312 245 2347 τὸ
271 2311 307 2348 δ’
332 2313 375 2348 οὐ
400 2313 486 2349 Vat.
585 2317 640 2350 24.
668 2313 756 2362 γάρ]
783 2325 853 2350 om.
874 2314 959 2350 Vat.
1378 2306 1386 2317 ’

492 84 544 118 IN
568 83 795 117 EUCLIDIS
820 84 960 118 DATA.
1319 82 1408 125 247
