1520 2508
145 187 148 189 ‚
182 200 232 240 αἱ
265 202 360 253 ΒΔ,
385 203 428 240 A
437 202 482 241 Γ.
545 199 634 241 ἐπεὶ
669 198 805 241 δοθέν
840 198 958 242 ἐστιν
995 198 1196 254 ἑκάτερον
1237 208 1324 242 τῶν
1359 183 1417 255 Β,
1440 199 1501 243 Δ

114 898 158 928 10

116 1242 159 1273 15

114 1587 159 1618 20

183 82 236 145 17
242 106 267 147 6
709 107 974 141 ΔΕΔΟΜΕΝΑ.

182 267 304 310 θέσει
347 269 430 323 ἄρα
472 267 589 310 ἐστὶν
630 268 656 322 ἡ
695 269 786 310 BA.
863 267 935 310 καὶ
973 267 1062 310 ἐπεὶ
1099 269 1281 310 δοθεῖσα
1323 269 1440 311 ἐστιν
1478 278 1506 328 ³}

182 337 266 378 ὑπὸ
310 344 397 379 τῶν
439 339 583 379 ΒΑΓ
624 340 780 391 γωνία,
834 339 1015 379 δοθεῖσα
1058 339 1142 394 ἄρα
1185 337 1300 379 ἐστὶν
1347 337 1373 391 ἡ
1417 337 1515 398 vui}

182 408 318 447 ΒΔΓ.
405 405 494 447 ἐπεὶ
544 403 624 448 οὗν
665 407 774 462 πρὸς
814 405 936 448 θέσει
984 407 1136 462 εὐθείᾳ
1182 396 1254 447 καὶ
1295 412 1354 462 τῷ
1396 404 1500 462 πρὸ

183 474 291 529 αὐτῇ
334 477 493 531 σημείῳ
537 481 596 531 τῷ
633 479 677 516 A
719 475 869 517 εὐθεῖα
912 472 1035 528 ἦκται
1078 474 1104 528 ἡ
1140 479 1183 516 A
1192 477 1233 516 Γ
1269 474 1448 529 δεδομέν

180 549 366 585 ποιοῦσα
390 546 556 597 γωνίαν
580 545 661 598 τὴν
684 544 769 586 ὑπὸ
793 550 881 585 τῶν
902 547 984 585 BA
993 546 1042 597 Γ,
1074 544 1255 585 δοθεῖσα
1280 545 1363 599 ἄρα
1387 539 1513 587 ἐστὶ

184 612 210 665 ἡ
241 610 338 654 ΔΓ
356 619 408 668 τῇ
439 612 577 654 θέσει·
609 612 731 654 θέσει
762 610 809 654 δὲ
840 611 990 661 δοθεὶς
1019 611 1091 653 καὶ
1122 612 1144 654 ὁ
1170 615 1307 654 ΑΒΓ
1330 613 1484 663 κύκλος
1498 611 1511 666 .

187 679 323 723 δοθὲν
354 683 437 737 ἄρα
469 680 557 723 ἐστὶ
589 682 637 723 τὸ
671 684 713 723 Γ
736 689 923 735 σημεῖον.
1509 687 1520 693 ”

815 822 838 861 q
862 839 871 848 .

266 887 366 930 Ἐὰν
403 888 485 930 ἀπὸ
524 887 760 942 δεδομένου
798 889 976 942 σημείου
1010 886 1132 929 θέσει
1164 887 1398 942 δεδομένου
1429 888 1514 930 κύ-

187 961 292 999 κλου
325 956 596 1011 ἐφαπτομένη
628 957 779 998 εὐθεῖα
810 956 945 1012 ἀχθῇ,
978 955 1150 998 δέδοται
1180 956 1206 1010 ἡ
1238 956 1421 1010 ἀχθεῖσα
1451 951 1520 1028 1,·ῇὲ

181 1026 303 1068 θέσει
333 1024 405 1067 καὶ
435 1031 494 1082 τῷ
526 1024 713 1080 μεγέθει.
1501 1063 1504 1066 ,

191 1142 194 1146 .
269 1095 353 1137 ἀπὸ
384 1096 467 1151 γὰρ
493 1094 730 1150 δεδομένου
755 1096 934 1149 σημείου
959 1100 1036 1136 τοῦ
1058 1097 1099 1136 Γ
1121 1094 1243 1136 θέσει
1268 1011 1520 1149 δεδομένουὲ

182 1164 344 1206 κύκλου
370 1169 448 1205 τοῦ
468 1167 553 1205 ΑΒ
586 1163 859 1218 ἐφαπτομένη
885 1163 1035 1205 εὐθεῖα
1060 1164 1182 1217 ἤχθω
1208 1163 1234 1216 ἡ
1256 1165 1350 1205 ΓΑ·
1382 1163 1503 1219 λέγω,

185 1233 250 1274 ὅτι
281 1232 307 1286 ἡ
341 1236 418 1274 ΓΛ
448 1234 599 1275 εὐθεῖα
630 1233 802 1275 δέδοται
834 1239 885 1288 τῇ
916 1232 1038 1275 θέσει
1069 1231 1140 1274 καὶ
1171 1238 1229 1289 τῷ
1261 1232 1446 1287 μεγέθει.
1502 1255 1504 1258 ·

270 1303 468 1357 εἰλήφθω
509 1304 591 1358 γὰρ
628 1304 676 1344 τὸ
712 1301 894 1358 κέντρον
934 1308 1012 1343 τοῦ
1048 1303 1208 1343 κύκλου
1245 1302 1294 1343 τὸ
1331 1306 1392 1356 A,
1434 1318 1487 1344 κα

185 1370 508 1425 ἐπεζεύχθωσαν
536 1372 584 1413 αι’
604 1375 704 1426 ΛΑ,
721 1374 765 1413 A
773 1373 818 1413 Γ.
868 1370 959 1413 ἐπεὶ
990 1369 1126 1413 δοθέν
1156 1370 1273 1412 ἐστιν
1304 1369 1520 1431 ἑκάτεροντῇ

182 1446 271 1482 τῶν
300 1444 356 1494 Δ,
383 1443 429 1494 Γ,
462 1442 643 1482 δοθεῖσα
674 1441 758 1496 ἄρα
789 1438 906 1482 ἐστὶν
936 1439 962 1493 ἡ
993 1444 1036 1482 A
1045 1442 1090 1481 Γ.
1139 1441 1214 1481 καί
1241 1439 1358 1481 ἐστιν
1390 1435 1520 1495 ὀρθὴέ

183 1509 208 1562 ἡ
240 1509 325 1551 ὑπὸ
356 1516 446 1551 τῶν
474 1514 561 1551 AA
570 1513 611 1551 Γ
634 1511 788 1563 γωνία·
825 1510 874 1551 τὸ
906 1510 989 1565 ἄρα
1021 1507 1089 1551 ἐπὶ
1120 1514 1195 1562 τῆς
1224 1511 1317 1550 ΛΓ
1340 1509 1520 1565 γραφαί-ζ

183 1593 315 1633 μενον
350 1578 606 1633 ἡμικύκλιον
641 1578 730 1632 ἥξει
768 1579 840 1619 διὰ
876 1584 954 1620 τοῦ
992 1582 1044 1620 A.
1116 1576 1251 1631 ἡκέτω
1284 1576 1356 1619 καὶ
1395 1579 1520 1635 ἔστωῇῚῚ

278 1684 308 1714 1.
334 1680 397 1715 καὶ
423 1679 501 1714 ἐπεί
525 1692 558 1715 v.
655 1679 828 1723 ἑκάτερον
853 1680 940 1738 τῶν]
968 1678 1119 1714 ἕκαστον
1143 1685 1206 1724 τῆς
1231 1691 1263 1714 a.
1359 1683 1391 1714 2.
1416 1679 1517 1714 Post-

185 1729 247 1760 BA
271 1726 310 1760 in
328 1726 357 1760 P
381 1726 444 1761 καὶ
470 1726 548 1760 ἐπεὶ
573 1725 729 1760 δοθεῖσα
754 1726 850 1760 ἐστιν
875 1726 897 1770 ἡ
924 1729 988 1760 ΒΔ
1012 1727 1049 1759 et
1071 1725 1173 1759 uncis
1199 1728 1236 1759 et
1259 1725 1404 1770 punctis
1431 1725 1500 1760 del.

183 1776 287 1807 111.1.
396 1770 481 1819 καί]
508 1783 576 1807 om.
604 1783 635 1807 3.
755 1775 785 1806 3.
819 1771 908 1806 Post
932 1770 1047 1816 γωνία
1072 1771 1155 1806 hab
1182 1770 1246 1806 καί
1271 1771 1367 1807 ἐστιν
1392 1772 1520 1818 αὐτῆς

185 1820 294 1863 διπλῆ
318 1819 341 1863 ἡ
367 1819 438 1854 ὑπὸ
463 1824 527 1863 τῆς
552 1821 658 1853 ΒΔΓ
678 1829 710 1852 3.
823 1818 845 1862 ἡ
866 1785 975 1864 (313)]
1002 1817 1064 1853 καὶ
1088 1817 1111 1862 ἡ
1137 1818 1220 1853 Vat.
1229 1829 1260 1852 v.
1375 1821 1406 1852 4.
1431 1819 1520 1867 vffivgi

185 1867 291 1899 ΒΔΓ
311 1865 394 1899 Vat.
409 1870 511 1909 ,τῆς
536 1867 642 1899 ΒΔΓ
662 1862 775 1909 γωνία
801 1875 833 1898 a.
952 1867 983 1898 ὅ.
1017 1864 1146 1898 εὐθεῖα
1171 1863 1317 1908 γραμμή
1341 1874 1373 1898 a.
1470 1867 1520 1899 61:

185 1911 273 1956 τῶν]
298 1916 363 1955 τῆς
387 1922 426 1954 a·
457 1910 547 1945 issem
572 1910 634 1945 lin
663 1914 716 1946 19
818 1913 881 1944 BA
891 1910 944 1956 Γ]
971 1912 1073 1944 ΒΑΓ
1093 1920 1125 1944 3.
1221 1911 1376 1945 δοθεῖσα
1401 1927 1444 1935 -·
1471 1899 1520 1957 ⁷.ss

184 1957 313 2036 ΑΒΓ]
335 1968 403 1992 om.
419 1968 451 1993 3,.
526 1961 556 1992 7.
576 1957 666 1991 Post
681 1957 811 1996 κύκλος
830 1956 913 1991 add.
929 1954 1044 1991 δοθεν
1059 1956 1131 2000 ἄρα
1145 1955 1276 2000 ἐστινὴ
1290 1958 1380 1991 ΔΓ
1399 1954 1504 1994 θέσει

185 2001 224 2037 δὲ
245 2016 293 2038 κα
325 2003 365 2038 τὸ
384 2006 494 2038 ΑΒΓ
507 2003 637 2043 κύκλος
656 2005 774 2047 (comp
777 2004 844 2047 .)a.
918 2005 948 2037 8.
969 2002 1113 2046 Poston
1116 2008 1218 2047 μεῖον
1238 2002 1307 2036 del.
1324 2001 1412 2046 ὅπερ
1429 2001 1502 2036 ἔδει

184 2049 302 2090 δεῖξαι
321 2061 366 2083 m.
384 2053 413 2084 1.
428 2050 511 2084 Vat.
585 2053 615 2084 9.
641 2049 700 2130 ρ’]
729 2015 1244 2094 ρα’Ῡ31-,.,3(1ᾶ.;πθμβ(3).
1319 2052 1371 2083 10.
1398 2049 1486 2083 δεδο

185 2093 314 2153 μένου]
347 2106 414 2130 om.
442 2096 474 2141 β.
595 2099 635 2130 11
700 2077 930 2140 φαπτομένη]
963 2108 1023 2139 -ης
1046 2093 1279 2139 περιφερείας
1308 2095 1340 2139 β.
1448 2097 1492 2129 13

185 2140 334 2185 σημείου
361 2162 403 2167 -
430 2140 647 2188 δεδομένου]
674 2152 743 2176 om.
769 2152 801 2175 3.
904 2144 956 2175 14.
990 2141 1120 2175 εὐθεῖα
1143 2139 1289 2185 γραμμή
1313 2142 1491 2174 3,.15

186 2188 342 2246 εὐθεῖα]
361 2198 429 2222 om.
457 2199 489 2222 3.
604 2191 658 2222 16.
684 2193 747 2222 τοῦ
772 2187 923 2232 κύκλου]
952 2197 1079 2221 ome..
1189 2190 1242 2221 18.
1268 2186 1355 2242 τῶν]
1381 2190 1444 2230 τῆς
1469 2196 1502 2220 a·

237 2237 291 2268 20.
324 2233 555 2279 ἡμικύκλιον]
589 2245 676 2268 corr.
709 2244 753 2267 ex
783 2233 917 2268 κύκλον
946 2245 992 2268 m.
1019 2236 1039 2267 2
1073 2232 1155 2267 Vat
1280 2232 1411 2278 ἡκετω]
1445 2230 1503 2276 ἐρἺ

183 2277 304 2324 χέσθω
330 2290 361 2314 3.
