1520 2508
539 563 951 612 PRAEFATIO.

161 680 356 724 Euclidis
387 680 504 723 Data
538 683 771 737 postquam
806 679 972 736 primus
1010 681 1146 723 edidit
1181 679 1241 723 cl.
1273 679 1424 736 Hardy

75 751 272 810 (Parisiis
295 749 441 808 1625),
467 766 562 794 cum
590 751 744 794 ceteris
765 751 956 794 eiusdem
976 752 1200 808 scriptoris
1221 751 1423 807 operibus

71 838 158 866 uno
194 823 417 865 uolumine
460 822 785 879 comprehendit
828 822 937 865 Dau.
977 822 1173 880 Gregory
1211 821 1423 880 (Oxoniae

76 893 220 953 1703).
270 894 345 937 sed
363 909 500 949 neque
527 894 721 936 subsidia
741 894 903 951 critica,
929 895 1087 950 quibus
1113 897 1294 950 uterque
1319 909 1424 937 usus

72 970 156 1021 est,
193 965 340 1022 magni
377 965 645 1008 aestimanda
681 980 820 1021 neque
858 965 1045 1009 editores
1083 966 1168 1022 ipsi
1205 966 1253 1008 in
1290 967 1437 1023 scrip-,

74 1036 183 1079 turis
234 1037 430 1080 codicum
479 1036 688 1093 eligendis
737 1037 906 1080 ratione
957 1040 1000 1080 et
1043 1037 1115 1079 uia
1161 1038 1424 1094 processisse

72 1108 254 1163 putandi
299 1110 411 1150 sunt.
480 1108 636 1150 tertius
681 1108 735 1150 ad
776 1108 875 1150 illos
918 1108 1046 1151 initio
1090 1109 1219 1152 huius
1264 1109 1425 1152 saeculi

76 1179 257 1221 accessit
288 1178 548 1235 Peyrardus,
588 1179 662 1235 qui
698 1179 801 1222 licet
837 1179 962 1222 laude
1000 1180 1157 1236 dignus
1196 1181 1272 1235 sit,
1310 1181 1426 1236 quod

75 1243 303 1305 antiquum
340 1264 523 1305 eumque
560 1250 985 1304 praestantissimum
1024 1251 1215 1294 codicem
1253 1255 1298 1294 et
1334 1267 1427 1309 rep·

73 1320 187 1376 perit
218 1323 261 1363 et
289 1321 344 1363 ad
367 1321 559 1363 Euclidis
584 1321 719 1363 uerba
743 1322 1012 1364 restituenda
1038 1322 1247 1378 adhibuit,
1279 1326 1427 1366 tamen

72 1392 136 1447 id,
172 1393 287 1448 quod
323 1392 630 1448 praestandum
669 1396 780 1449 erat,
818 1407 908 1435 non
943 1394 1175 1449 praestitit.
1236 1394 1426 1450 primum

75 1463 189 1506 enim
219 1463 350 1505 nimis
376 1464 534 1519 pendet
560 1479 585 1505 a
612 1462 836 1520 Gregorio,
867 1465 988 1508 cuius
1013 1465 1222 1508 iudicium
1248 1466 1426 1522 optimis

75 1535 235 1577 codicis
262 1535 330 1576 sui
356 1535 582 1590 scripturis
609 1535 758 1578 multis
780 1536 887 1579 locis
913 1537 1147 1593 praeferat3
1179 1537 1285 1580 adde
1311 1539 1427 1593 quod

74 1605 262 1648 Theonis
293 1605 587 1649 recensionem
618 1621 707 1648 non
731 1607 871 1664 magis
897 1608 1022 1650 nouit
1051 1623 1181 1663 quam
1205 1608 1356 1664 Hardy
1382 1613 1426 1651 et

78 1675 332 1733 Gregorius;
368 1680 588 1732 postremo
621 1678 813 1721 codicem
843 1679 967 1721 illum
998 1694 1087 1722 non
1118 1694 1168 1722 ea
1199 1680 1426 1737 diligentia

77 1748 272 1806 contulit,
305 1763 434 1803 quam
464 1751 616 1791 nostra
647 1752 765 1792 aetas
798 1765 876 1792 suo
907 1750 999 1793 iure
1031 1751 1254 1807 postulare
1285 1752 1427 1794 uidea-

75 1822 160 1862 tur.
202 1822 303 1874 post
324 1818 589 1875 Peyrardum
614 1823 761 1863 autem
785 1820 902 1864 Data
926 1822 1144 1865 neminem
1168 1823 1426 1865 inuenerunt

79 1890 299 1933 editorem.

168 1961 284 2012 Quae
311 1977 408 2005 cum
438 1962 502 2005 ita
527 1965 684 2019 essent,
714 1966 813 2005 ante
841 1964 985 2006 omnia
1010 1965 1054 2006 id
1078 1964 1186 2006 mihi
1212 1965 1427 2021 agendum

78 2047 171 2075 esse
210 2033 424 2089 adparuit,
445 2040 447 2043 ’
468 2036 517 2075 ut
561 2048 612 2075 ex
649 2048 808 2091 magno
845 2050 1026 2077 numero
1059 2036 1272 2091 codicum,
1317 2051 1426 2092 quos

79 2103 195 2146 adire
233 2104 340 2146 mihi
370 2104 513 2160 licuit,
550 2119 622 2147 eos
662 2105 912 2162 deligerem,
950 2107 1022 2162 qui
1061 2107 1246 2149 solidum
1278 2123 1326 2150 ac
1358 2108 1428 2149 fir-

80 2190 199 2217 mum
230 2165 491 2219 recensionis
523 2176 852 2219 fundamentum
884 2178 1150 2233 praeberent.
1201 2193 1286 2234 qua
1310 2178 1356 2221 in
1380 2194 1426 2221 re

78 2246 124 2288 id
154 2246 263 2288 mihi
294 2248 565 2302 propositum
603 2262 696 2290 esse
715 2240 717 2242 ’
735 2247 901 2304 debuit,
943 2252 992 2291 ut
1028 2249 1117 2292 iam
1155 2250 1206 2292 de
1237 2250 1426 2292 Theonis

27 2369 47 2384 ι
80 2317 295 2374 scriptura
338 2333 435 2360 cum
477 2318 787 2374 probabilitate
829 2320 1013 2375 quadam
1049 2324 1198 2376 posset
1234 2321 1427 2363 iudicari.
