1520 2508
613 80 831 115 SCHOLIA.
1302 79 1391 123 309

45 173 73 233 ᾗ
105 177 201 217 ΖΗ
233 176 343 232 πρὸς
375 176 457 231 τὴν
487 177 603 231 ΗΚ,
645 174 719 218 καὶ
748 177 874 231 ἤχθω
913 176 988 220 διὰ
1019 182 1098 219 τοῦ
1130 179 1177 219 Κ
1209 178 1393 233 σημείου

44 251 97 305 ζῇ
123 249 219 288 ΖΗ
242 246 520 303 παράλληλος
550 246 576 301 ἡ
603 249 704 290 ΚΘ.
753 246 864 298 λέξει
890 263 969 302 τις,
1002 248 1068 290 ὅτι
1093 247 1120 302 ἡ
1147 248 1222 291 διὰ
1247 254 1326 291 τοῦ
1352 250 1398 290 Κ

30 316 96 382 ζῇ
123 320 216 360 ΖΗ
241 317 520 373 παράλληλος
550 315 740 373 ἀγομένη
774 318 874 360 οὔτε
906 318 1120 374 ἐφάψεται
1151 320 1252 362 οὔτε
1277 327 1399 376 τεμεῖ

31 387 44 416 5
59 389 93 432 ὸ
121 391 263 431 ΖΘΗ
287 394 445 444 τμῆμα,
477 387 573 430 ἀλλ’
601 388 918 445 ὑπερπεσεῖται.
967 389 1270 447 ὑπερπιπτέτω
1298 388 1394 446 οὗν,

112 460 324 514 δύνατον,
361 458 434 502 καὶ
465 461 574 502 ἔστω
606 459 632 514 ἡ
665 462 757 515 ΚΙ,
789 459 861 503 καὶ
892 463 1123 517 τετμήσθω
1155 462 1181 517 ἡ
1215 465 1312 504 ΖΗ
1341 468 1394 519 τῇ
1444 470 1465 502 5

18 1138 135 1193 ,ΒΓ
167 1136 328 1192 ὁμοίως
363 1137 472 1178 κατὰ
509 1137 557 1178 τὸ
596 1139 638 1178 A
674 1143 876 1191 σημεῖον,
911 1135 986 1178 καὶ
1023 1138 1131 1179 ἔστω
1164 1136 1224 1187 ὡς
1254 1137 1280 1192 ἡ
1311 1140 1400 1180 ΒΕ

18 1203 154 1265 [πρὸς
183 1208 264 1263 τὴν
294 1209 390 1264 ΕΓ,
421 1207 561 1258 οὕτως
591 1206 618 1262 ἡ
653 1210 732 1250 ΖΛ
761 1208 872 1264 πρὸς
902 1210 1010 1262 ΛΗ,
1048 1206 1121 1250 καὶ
1151 1209 1278 1263 ἤχθω
1311 1208 1396 1252 ἀπὸ

30 1284 123 1321 τοῦ
155 1282 196 1321 Λ
233 1281 414 1335 σημείου
445 1285 498 1335 τῇ
531 1281 627 1320 ΖΗ
657 1280 768 1336 πρὸς
805 1278 947 1335 ὀρθὰς
980 1281 1148 1334 γωνίας
1183 1279 1338 1322 εὐθεῖα
1370 1279 1397 1335 ἡ

30 1352 186 1406 ΛΘΙ,
219 1349 293 1393 καὶ
325 1349 656 1406 ἐπεζεύχθωσαν
687 1351 737 1392 αἱ
764 1353 855 1405 ΙΖ,
881 1353 979 1406 ΙΗ,
1009 1353 1118 1405 ΘΗ,
1147 1353 1242 1393 ΘΖ.
1304 1349 1398 1393 ἐπεὶ

31 1418 127 1465 οὖν
153 1420 285 1476 ἐστιν,
317 1421 376 1472 ὡς
400 1421 426 1477 ἡ
451 1424 539 1463 ΒΕ
560 1422 670 1478 πρὸς
694 1424 790 1476 ΕΓ,
823 1421 963 1472 οὕτως
987 1421 1014 1476 ἡ
1042 1424 1122 1464 ΖΛ
1151 1422 1263 1478 πρὸς
1287 1425 1396 1477 ΛΗ,
1423 1430 1468 1462 10

0 1501 3 1552 ξ
35 1491 118 1554 ικαὶ
149 1490 363 1535 συνθέντι
395 1492 479 1548 ἄρα
511 1491 644 1547 ἐστίν,
675 1492 735 1542 ὡς
765 1491 791 1546 ἡ
819 1494 898 1534 ΓΒ
928 1493 1039 1548 πρὸς
1062 1495 1166 1548 ΒΕ,
1199 1493 1339 1543 οὕτως
1369 1493 1396 1548 ἡ

0 1570 2 1630 ᾗ
45 1566 137 1606 ΗΖ
161 1564 272 1620 πρὸς
290 1566 331 1605 A
341 1566 392 1605 Z·
420 1562 640 1606 ἀνάπαλιν
665 1564 750 1620 ἄρα
776 1562 907 1618 ἐστίν,
934 1564 992 1614 ὡς
1017 1563 1147 1618 ἡΕΒ
1172 1565 1283 1621 πρὸς
1302 1567 1396 1619 ΒΓ,

0 1642 2 1646 ’
34 1635 188 1685 οὕτως
225 1634 252 1690 ἡ
290 1637 376 1676 ΛΖ
420 1635 530 1691 πρὸς
568 1637 669 1677 ΖΗ.
731 1633 827 1677 ἀλλ’
862 1634 921 1685 ὡς
958 1635 984 1690 ἡ
1021 1636 1112 1677 ΒΓ
1145 1636 1257 1692 πρὸς
1293 1638 1396 1690 ΕΑ,

0 1724 1 1729 ’
46 1705 160 1749 οὕτω
187 1704 419 1760 γέγονενὴ
451 1707 548 1747 ΖΗ
572 1706 683 1761 πρὸς
708 1707 801 1747 AI·
835 1703 895 1747 δι’
925 1709 1024 1748 ἴσου
1057 1706 1142 1762 ἄρα
1173 1705 1306 1761 ἐστίν,
1338 1706 1398 1756 ὡς

0 1779 1 1827 ff
31 1775 73 1831 ἡ
103 1779 190 1835 ΒΕ
216 1777 328 1832 πρὸς
357 1779 460 1831 ΕΑ,
492 1776 632 1826 οὕτως
662 1775 688 1830 ἡ
723 1778 803 1817 ΖΛ
832 1776 943 1832 πρὸς
974 1778 1058 1818 AI.
1120 1779 1198 1819 καί
1224 1775 1344 1824 ἐστιν
1368 1775 1395 1830 ἡ
1424 1787 1467 1820 15

26 1846 132 1890 ὑπὸ
164 1854 254 1890 τῶν
284 1850 418 1890 ΒΕΑ
451 1849 590 1901 γωνία
621 1854 673 1904 τῇ
704 1847 790 1890 ὑπὸ
821 1853 911 1889 τῶν
944 1849 1062 1889 ΖΛΙ
1095 1851 1178 1902 ἴση.
1241 1847 1396 1903 ὅμοιον

23 1949 26 1950 ’
143 1944 175 1976 2.
202 1939 450 1987 παράλληλος]
478 1939 556 1981 ἴσος
576 1950 605 1975 c,
679 1937 774 1982 λέξει
791 1952 847 1979 τις
867 1938 952 1980 ἴσως
972 1939 1142 1975 ἐνταῦθα
1161 1939 1288 1975 Ambr.
1362 1943 1395 1975 4.

21 2014 23 2017 .
51 1988 188 2035 ΖΘΗ]
217 1990 330 2023 ZAH
353 1987 458 2024 codd.
541 1988 801 2031 ὑπερπεσεῖται
826 1987 875 2027 ὡς
899 1986 922 2032 ἡ
948 1990 1027 2022 ΚΓ
1046 1987 1288 2023 PlVat.aeS.
1363 1991 1395 2023 5.

26 2035 27 2038 ’
47 2035 71 2081 ἡ
97 2035 437 2083 K1]KIMPlc‚
469 2034 492 2080 ἡ
519 2036 631 2070 KIN
653 2035 738 2070 νη
749 2046 785 2079 σ,
818 2034 841 2079 ἡ
867 2037 950 2069 KH
973 2034 1007 2070 S
1120 2039 1150 2070 7.
1177 2033 1242 2070 καί
1267 2056 1312 2060 -
1340 2038 1394 2071 10.

21 2088 31 2110 ὲ·
35 2083 147 2130 ΛΗ]
175 2093 245 2118 om.
273 2083 307 2122 S.
418 2086 450 2118 8.
475 2088 519 2129 τῇ
549 2082 642 2128 ΖΗ]
670 2093 740 2118 om.
766 2081 892 2117 Ambr
991 2085 1022 2117 9.
1049 2082 1172 2129 ΛΘΙ]
1198 2086 1231 2118 Λ
1255 2081 1396 2128 Ambr.,

30 2132 123 2166 ΛΘ
147 2142 178 2167 e
287 2134 342 2165 12.
374 2130 467 2174 πρὸς
491 2130 576 2189 ΛΖ]
604 2140 716 2174 supra
741 2129 827 2164 add.
853 2141 900 2164 m.
930 2133 948 2163 1
974 2129 1060 2165 Vat
1171 2132 1240 2165 ΕΒ
1267 2151 1311 2156 -
1339 2133 1394 2166 13.

19 2192 24 2194 ’
51 2178 146 2237 ΖΗ]
172 2180 245 2212 ΒΓ
263 2177 357 2222 πρὸς
383 2179 464 2237 ΕΒ,
488 2190 606 2218 ουτως
630 2176 653 2222 ἡ
683 2179 760 2212 ΖΗ
780 2176 873 2221 πρὸς
897 2179 968 2211 ΛΖ
993 2177 1118 2212 Ambr.
1203 2181 1258 2213 14.
1284 2176 1394 2224 πρός]

15 2250 19 2251 ⁷
47 2223 112 2261 καί
137 2225 200 2261 eS.
316 2223 367 2260 δι’
392 2223 473 2260 ἴσου
499 2246 541 2250 —-
570 2228 625 2259 15.
653 2225 739 2283 AI]
761 2235 831 2259 om.
860 2223 893 2259 S.
1017 2227 1070 2260 15.
1097 2224 1239 2272 7‘7.(pr)]
1266 2235 1335 2260 om.
1363 2236 1394 2260 e.

23 2282 25 2286 ’
82 2273 182 2332 ΕΑ]
209 2276 238 2307 Α
264 2283 293 2307 c.
393 2276 447 2307 16.
473 2277 546 2307 τῶν
567 2274 632 2317 (pr
635 2272 664 2318 )]
694 2270 762 2316 τήν
787 2271 810 2306 l.
907 2277 981 2307 τῶν
1000 2271 1078 2317 (aliz.
1081 2272 1110 2319 )]
1138 2283 1208 2308 om.
1235 2272 1321 2308 Vat.
1331 2271 1394 2318 cS,

15 2328 31 2354 “.
47 2319 115 2364 τήν
139 2318 408 2366 1.ομοιον]
437 2317 570 2364 ὁμοίως
596 2319 630 2354 S.
