1520 2508
114 838 158 869 10

68 1183 160 1215 >15

118 1531 163 1562 20

123 1878 166 1908 25

179 109 263 150 124
704 111 970 144 ΔΕΔοΜΕΝΑ.

177 204 361 257 άλληλος
402 202 428 256 ἡ
466 206 565 244 ΒΕ.
637 202 709 244 καὶ
753 202 843 244 ἐπεὶ
881 207 951 257 ἴση
989 202 1106 262 ἐστὶν
1142 203 1167 257 ἡ
1199 207 1284 246 ΑΔ
1318 211 1378 261 τῇ
1399 206 1493 266 AI}

179 277 249 326 ἴση
275 274 359 327 ἄρα
385 271 474 313 ἐστὶ
498 271 570 313 καὶ
595 271 621 325 ἡ
640 275 727 313 ΔΒ
758 278 810 328 τῇ
829 275 927 314 ΒΕ.
971 272 1042 314 καὶ
1068 273 1240 327 διῆκταί
1260 289 1325 323 τις
1349 274 1495 328 ἡΒΓΡ

179 343 227 383 τὸ
264 343 347 397 ἄρα
382 341 468 382 ὑπὸ
505 348 593 382 τῶν
628 344 763 382 ΔΓΕ
801 342 905 396 μετὰ
941 348 1019 383 τοῦ
1057 341 1139 383 ἀπὸ
1177 348 1251 396 τῆς
1281 345 1368 384 ΒΓ
1404 347 1496 387 ἴσον

180 409 270 452 ἐστὶ
300 416 359 466 τῷ
392 410 474 452 ἀπὸ
505 416 581 464 τῆς
611 414 702 452 ΒΔ.
765 415 834 464 ἴση
866 409 915 452 δὲ
944 411 970 464 ἡ
1001 415 1086 452 ΔΑ
1102 418 1167 467 ,τῇ
1193 414 1301 453 ΑΓ·
1329 413 1385 454 τὸ
1416 413 1495 470 ἄρα

181 479 263 521 ἀπὸ
301 479 633 535 συναμφοτέρου
668 486 743 534 τῆς
773 482 905 521 ΒΑΓ
942 484 1038 522 ἴσον
1075 479 1164 522 ἐστὶ
1200 487 1259 537 τῷ
1294 481 1378 523 ὑπὸ
1413 488 1497 525 ww

180 551 314 590 ΔΓΕ
341 550 446 603 μετὰ
475 555 554 590 τοῦ
585 549 668 591 ἀπὸ
700 555 776 603 τῆς
806 552 910 590 ΒΓ·
949 550 1057 591 ὥστε
1087 550 1135 591 τὸ
1167 550 1249 591 ἀπὸ
1281 560 1496 605 συναμφοή

181 618 308 673 τέρου
339 625 415 672 τῆς
445 621 576 660 ΒΑΓ
600 624 678 660 τοῦ
711 618 794 660 ἀπὸ
825 625 900 672 τῆς
925 621 1013 660 ΒΓ
1036 621 1179 673 μεῖζόν
1211 618 1299 660 ἐστι
1329 625 1387 676 τῷ
1416 618 1496 664 ὑπὸ

181 695 269 729 τῶν
292 690 436 729 ΔΓΕ.

270 756 379 810 λέγω
418 758 492 811 δή,
536 757 602 798 ὅτι
639 762 716 798 τοῦ
753 757 838 798 ὑπὸ
875 763 963 798 τῶν
993 759 1127 798 ΔΓΕ
1160 758 1268 812 πρὸς
1297 757 1344 798 τὸ
1375 726 1505 800 ΑΒΓ

183 828 397 882 τρίγωνον
428 828 555 879 λόγος
587 825 676 868 ἐστὶ
708 827 868 875 &omaus

272 895 362 937 ἐπεὶ
398 897 480 951 γὰρ
519 896 701 938 δοθεῖσα
736 895 853 937 ἐστιν
889 896 915 949 ἡ
950 895 1036 937 ὑπὸ
1073 903 1160 937 τῶν
1191 897 1323 937 ΒΑΓ
1358 896 1501 950 γωνία,

183 964 256 1007 καὶ
287 965 312 1019 ἡ
345 964 496 1020 ἐφεξῆς
521 966 604 1021 ἄρα
629 964 655 1018 ἡ
680 965 765 1006 ὑπὸ
791 972 879 1006 τῶν
903 968 989 1006 ΔΑ
998 967 1040 1006 Γ
1063 965 1152 1006 ἐστι
1177 965 1370 1007 δοθεῖσα.
1417 965 1501 1006 ἔστι

185 1033 234 1076 δὲ
269 1033 342 1076 καὶ
379 1033 556 1090 ἑκατέρα
595 1041 682 1076 τῶν
719 1034 804 1076 ὑπὸ
841 1041 929 1075 τῶν
965 1036 1113 1087 ΑΔΓ,
1144 1036 1274 1075 ΔΓΑ
1309 1034 1499 1077 δοθεῖσαν

185 1104 374 1159 ἡμίσειαι
405 1104 487 1159 γάρ
519 1105 602 1145 εἰσι
634 1110 709 1157 τῆς
738 1103 824 1145 ὑπὸ
855 1110 943 1145 τῶν
968 1105 1114 1144 ΒΑΓ·
1148 1102 1339 1157 [δέδοται
1369 1103 1448 1156 γὰρ
1472 1101 1502 1157 ᾗ

185 1174 271 1215 ὑπὸ
302 1173 470 1227 ΒΑΓ·]
504 1172 675 1215 δέδοται
707 1174 789 1228 ἄρα
820 1173 868 1214 τὸ
893 1174 1029 1214 ΔΑΓ
1053 1175 1267 1227 τρίγωνον
1297 1178 1356 1228 τῷ
1387 1171 1514 1215 effla?

186 1246 314 1297 λόγος
351 1245 434 1298 ἄρα
473 1241 562 1284 ἐστὶ
599 1248 674 1296 τῆς
703 1246 790 1283 ΔΑ
826 1243 934 1297 πρὸς
965 1243 1044 1295 τὴν
1073 1244 1167 1283 ΔΓ
1197 1243 1359 1290 δοθείς·
1402 1241 1503 1293 ὥστε

186 1312 258 1355 καὶ
288 1319 366 1354 τοῦ
399 1312 481 1354 ἀπὸ
513 1318 588 1366 τῆς
613 1315 698 1352 ΑΔ
727 1312 836 1367 πρὸς
866 1312 913 1352 τὸ
946 1310 1028 1352 ἀπὸ
1057 1317 1131 1364 τῆς
1155 1313 1248 1352 ΔΓ
1271 1312 1397 1363 λόγος
1420 1307 1504 1353 ἐπὶ

188 1383 348 1431 δοθείς.
414 1380 486 1423 καὶ
524 1380 614 1423 ἐπεὶ
645 1381 703 1430 ὡς
739 1381 765 1434 ἡ
797 1383 878 1422 BA
913 1381 1021 1436 πρὸς
1056 1381 1136 1434 τὴν
1167 1384 1272 1433 ΑΔ,
1315 1379 1448 1428 οὕτως
1476 1377 1503 1434 ἡ

187 1454 276 1493 ΕΓ
300 1452 408 1506 πρὸς
432 1452 512 1505 τὴν
538 1453 629 1504 ΓΔ,
660 1449 754 1491 ἀλλ’
784 1450 842 1499 ὡς
866 1447 944 1504 μὲν
969 1449 994 1502 ἡ
1015 1452 1095 1490 ΒΑ
1119 1450 1227 1503 πρὸς
1246 1452 1343 1502 ΑΔ,
1374 1449 1505 1499 οὕτως

188 1522 236 1563 τὸ
266 1521 351 1562 ὑπὸ
383 1523 478 1574 ΒΛ,
504 1524 590 1561 ΛΔ
619 1520 728 1575 πρὸς
757 1520 806 1561 τὸ
838 1519 920 1560 ἀπὸ
946 1522 1045 1571 ΑΔ,
1077 1518 1135 1567 ὡς
1165 1515 1213 1559 δὲ
1242 1517 1268 1571 ἡ
1294 1520 1382 1559 ΕΓ
1403 1517 1508 1572 πρὸς

191 1593 289 1644 ΓΔ,
327 1590 465 1639 οὕτως
501 1590 549 1631 τὸ
586 1589 671 1630 ὑπὸ
709 1596 796 1630 τῶν
826 1590 927 1642 ΕΓ,
960 1590 1039 1629 ΓΔ
1074 1588 1183 1643 πρὸς
1218 1588 1266 1628 τὸ
1303 1586 1385 1628 ἀπὸ
1417 1587 1504 1640 ΓΔ,

188 1659 261 1702 καὶ
287 1660 345 1709 ὡς
375 1660 459 1715 ἄρα
483 1660 531 1700 τὸ
556 1658 641 1700 ὑπὸ
667 1665 754 1699 τῶν
779 1660 873 1710 ΒΑ,
893 1661 979 1698 ΑΔ
1008 1658 1117 1712 πρὸς
1139 1657 1187 1698 τὸ
1214 1655 1296 1698 ἀπὸ
1320 1662 1395 1710 τῆς
1412 1655 1506 1710 ΔΑ,

190 1730 329 1778 οὕτως
363 1730 412 1770 τὸ
448 1728 533 1769 ὑπὸ
570 1734 658 1769 τῶν
688 1729 813 1768 ΕΓΔ
849 1727 957 1781 πρὸς
992 1727 1040 1767 τὸ
1078 1726 1161 1767 ἀπὸ
1198 1732 1273 1779 τῆς
1305 1727 1398 1766 ΓΔ·
1438 1721 1506 1766 καὶ

192 1797 392 1852 ἐναλλάξ,
427 1798 484 1847 ὡς
515 1798 597 1852 ἄρα
628 1797 676 1838 τὸ
707 1796 791 1838 ὑπὸ
822 1803 910 1837 τῶν
941 1798 1066 1836 ΒΑΔ
1095 1796 1203 1850 πρὸς
1232 1795 1280 1836 τὸ
1311 1794 1394 1836 ὑπὸ
1423 1798 1508 1836 τῶν

191 1870 337 1921 ΕΓΔ,
380 1868 518 1915 οὕτως
553 1867 601 1907 τὸ
639 1865 721 1907 ἀπὸ
752 1870 827 1919 τῆς
857 1869 943 1906 ΑΔ
979 1865 1087 1919 πρὸς
1117 1865 1164 1906 τὸ
1197 1863 1279 1905 ἀπὸ
1310 1869 1384 1917 τῆς
1413 1860 1504 1904 ΔΓ.

192 1940 319 1991 λόγος
356 1934 404 1978 δὲ
433 1942 512 1978 τοῦ
543 1935 626 1977 ἀπὸ
657 1940 732 1989 τῆς
762 1938 848 1976 ΑΔ
883 1935 992 1989 πρὸς
1021 1935 1070 1980 τὸ
1102 1933 1183 1975 ἀπὸ
1214 1939 1289 1987 τῆς
1320 1934 1411 1974 ΔΓ
1439 1931 1505 1973 δο-

191 2010 305 2056 θείς·
343 2008 470 2060 λόγος
501 2007 583 2061 ἄρα
614 2003 686 2046 καὶ
717 2010 794 2046 τοῦ
825 2004 909 2045 ὑπὸ
941 2011 1028 2045 τῶν
1059 2006 1185 2044 ΒΑΔ
1213 2003 1321 2057 πρὸς
1350 2002 1398 2044 τὸ
1426 1999 1506 2043 ὑπὸ

192 2084 280 2118 τῶν
311 2078 438 2118 ΕΓΔ
469 2076 629 2123 δοθειᾝς
691 2077 761 2127 ἰση
793 2071 840 2114 δὲ
871 2073 897 2127 ἡ
928 2076 1014 2114 ΔΑ
1044 2078 1095 2128 τῇ
1127 2074 1233 2114 ΑΓ·
1274 2073 1400 2124 λόγος
1428 2069 1507 2126 ἆρὰ

288 2206 318 2236 1.
343 2159 655 2246 ἡΒΕ]ως..Πι
684 2198 767 2233 1Ρ.
864 2201 894 2232 2.
922 2211 984 2232 και
972 2195 1099 2243 i(pr.)]
1127 2195 1506 2242 supraadd.m.2v.

243 2252 272 2282 5.
301 2247 380 2282 ἶσον
406 2268 449 2273 -
476 2251 506 2281 6.
534 2246 667 2287 ΔΓΕ]
694 2244 751 2279 bis
776 2245 814 2279 P.
901 2248 953 2278 12.
982 2243 1077 2278 ἐστιν
1102 2255 1134 2277 v.
1222 2242 1316 2277 ἔστιν
1340 2253 1373 2276 v.
1454 2238 1504 2282 15.

196 2294 343 2330 δέδοται
363 2293 431 2338 γὰρ
451 2293 473 2338 ἡ
493 2293 564 2328 ὑπὸ
581 2296 637 2326 BA
648 2292 701 2337 Γ]
723 2291 838 2325 deleo
912 2294 966 2325 27.
993 2289 1154 2334 λόγος-
1169 2292 1222 2324 28.
1243 2285 1383 2334 semis]
1398 2292 1506 2323 oman
