1520 2508
67 836 111 866 10

65 1183 110 1214 ,15

68 1529 113 1560 20

98 1877 110 1884 ⁹
141 1867 307 1923 ἀπόρου
356 1865 428 1908 καὶ
470 1867 653 1920 ἀλόγου,
702 1866 760 1915 ὡς
806 1866 914 1921 πρὸς
955 1866 1034 1920 τὴν
1077 1865 1316 1908 ἐνεστῶσαν
1358 1881 1461 1919 γεω·

135 113 220 154 236
360 116 529 149 MARINI
552 115 840 148 PHILOSOPHI
865 116 1236 149 COMMENTARIUS

134 223 217 262 μον
254 209 349 261 ἤτοι
386 208 494 263 πρὸς
531 207 755 263 ἀκρίβειαν
791 207 817 261 ἢ
848 210 896 250 τὸ
928 210 1151 262 σύνεγγυς.
1216 208 1288 250 καὶ
1324 210 1372 251 τὸ
1409 209 1465 252 ἐν’
1495 196 1515 261 J

133 275 342 318 ὑποθέσει
405 274 453 317 δὲ
499 277 615 333 παρὰ
668 283 747 319 τοῦ
800 278 1121 333 προβάλλοντος
1180 276 1463 332 ἐκτιθέμενον
1498 280 1517 338 {fij

135 344 370 399 δεδομένον
414 342 530 387 εἶναί
568 361 682 395 τινες
723 346 1025 401 ὑπειλήφασιν.
1092 346 1264 400 λέγουσι
1302 345 1350 388 δὲ
1384 346 1471 389 καὶ·
1500 341 1518 406 ’.ι

134 416 268 456 ἄλλον
297 417 460 471 τρόπον
497 415 545 456 έν
574 423 669 464 ταῖς
698 417 888 471 πρώταις
918 417 1208 470 στοιχειώσεσι
1242 417 1290 458 τὸ
1321 413 1458 458 δοθὲν
1472 457 1475 460 ,
1501 424 1519 470 ζ

136 482 207 525 καὶ
243 485 324 538 τὴν
361 485 590 538 δοθεῖσαν,
633 484 856 527 τουτέστιν
891 485 1045 539 ἡλίκην
1081 487 1135 527 ἄν
1166 501 1230 535 τις
1267 485 1507 540 ἀφορίσῃξ

134 551 206 594 καὶ
249 553 311 609 δῷ
354 553 544 595 εὐθεῖαν.
623 559 758 595 ταῦτα
807 552 854 595 δὲ
895 554 1036 596 πάντα
1077 554 1319 607 κατάληψίν
1360 569 1457 595 τινα

134 623 336 675 βούλεται
361 625 598 677 σημαίνειν.
642 623 749 665 ὅθεν
767 622 839 664 καὶ
858 623 1041 678 μάλιστα
1060 631 1147 665 τῶν
1166 624 1282 679 ὅρων
1301 623 1456 665 ἐκεῖνοι
1472 646 1481 675 3

136 691 455 746 εὐδοκιμοῦσιν,
486 692 580 733 ὅσοι
611 708 659 745 γε
689 692 873 746 μάλιστα
903 693 951 734 τὸ
982 693 1253 746 καταληπτὸν
1278 692 1457 746 ἐμφανί-
1474 693 1475 696 ’

137 763 302 814 ζουσιν,
334 761 392 810 ὡς
420 766 652 816 προϊοῦσιν
682 760 786 815 ἡμῖν
816 763 933 802 ἔσται
964 760 1219 816 καταφανές.
1478 759 1480 763 ’

222 828 324 871 νυνὶ
367 827 415 871 δὲ
456 828 529 871 καὶ
569 837 657 872 τῶν
698 831 756 884 μὴ
798 832 935 884 μόνον
974 834 1112 880 ψιλῶς
1152 829 1224 872 καὶ
1267 828 1336 871 ἑνί
1371 845 1457 871 τινι
1481 832 1495 889 ’,Ἴ

135 900 535 954 χαρακτηριζόντων
577 900 656 952 τὴν
691 905 770 940 τοῦ
807 899 1042 954 δεδομένου
1080 900 1235 954 φύσιν,
1279 893 1373 940 οἷον
1410 888 1485 954 δὲ’-

137 967 319 1023 ὁρισμὸν
362 968 497 1009 αὐτοῦ
533 969 798 1021 ποιούντων,
846 969 922 1017 τὰς
958 969 1172 1023 διαφορὰς
1215 968 1458 1022 ἐκθώμεθα.
1482 999 1485 1018 3

137 1038 584 1092 συγκεφαλαιούμενοι
615 1035 663 1078 δὲ
687 1036 757 1078 καὶ
783 1037 950 1079 τούτων
981 1039 1026 1079 οἰ
1047 1040 1198 1093 τρόποι
1224 1038 1459 1093 εὐαρίθμη-
1488 1039 1492 1059 ’-

137 1122 203 1148 τοι
239 1109 448 1160 γίνονται.
509 1108 554 1148 os
586 1104 666 1160 μὲν
702 1107 783 1161 γὰρ
820 1106 1078 1161 τεταγμένον
1115 1108 1200 1161 ἅμα
1236 1105 1308 1148 καὶ
1337 1107 1459 1162 πόρι-

137 1191 220 1230 μον
262 1177 310 1218 τὸ
354 1175 588 1231 δεδομένον
637 1173 747 1218 εἶναι
790 1176 1088 1231 ἀφωρίσαντο,
1136 1175 1273 1232 ἕτεροι
1323 1174 1370 1217 δὲ
1411 1176 1459 1216 τὸ

137 1245 397 1300 τεταγμένον
434 1246 520 1300 ἅμα
555 1243 628 1287 καὶ
658 1246 899 1300 γνώριμον,
936 1243 1049 1294 τινὲς
1079 1243 1127 1286 δὲ
1157 1245 1205 1286 τὸ
1237 1245 1460 1299 γνώριμον

138 1315 223 1369 ἅμα
254 1314 326 1356 καὶ
356 1317 554 1371 πόριμον.
603 1316 835 1369 φαίνονται
861 1312 909 1355 δὲ
933 1313 1004 1356 καὶ
1029 1311 1150 1356 οὗτοι
1174 1314 1330 1361 πάντες
1353 1314 1461 1368 πρὸς

138 1385 217 1438 τὴν
247 1384 488 1438 κατάληψιν
519 1384 614 1437 ἤτοι
644 1387 777 1437 λῆψιν
809 1382 882 1424 καὶ
913 1383 1084 1439 εὕρεσιν
1114 1388 1191 1424 τοῦ
1223 1381 1459 1436 δεδομένου

138 1452 437 1509 ἀφεωρακότες
466 1453 543 1494 τὸν
573 1451 800 1508 εἰρημένον
830 1454 992 1507 τρόπον
1023 1452 1255 1508 ὁρίζεσθαι.
1310 1451 1382 1492 ἵνα
1413 1449 1460 1493 δὲ
1493 1462 1497 1502 j

138 1522 300 1575 ταύτην
329 1536 374 1562 τε
410 1521 556 1562 αὐτῶν
591 1522 671 1574 τὴν
709 1523 883 1562 ἔννοιαν
912 1521 1273 1575 καταδησώμεθα,
1316 1522 1377 1562 ἔτι
1412 1535 1460 1574 γε

137 1591 223 1645 μὴν
252 1589 324 1632 καὶ
355 1590 433 1631 τὸν
463 1589 606 1644 ἀληθῆ
638 1595 716 1631 τοῦ
746 1589 1029 1644 προκειμένου
1066 1590 1171 1645 ὅρον
1207 1589 1253 1632 ἐκ
1289 1593 1461 1631 πολλῶν

139 1666 227 1701 τῶν
274 1658 638 1715 παραδεδομένων
686 1658 876 1712 ἕλωμεν,
928 1658 1203 1700 ἐπισκεπτέον
1249 1661 1461 1714 πρότερον

140 1727 319 1771 ἑκάστου
351 1735 438 1770 τῶν
469 1728 618 1769 ἁπλῶν
647 1728 695 1769 τὸ
727 1726 1044 1782 σημαινόμενον
1073 1726 1144 1768 καὶ
1175 1735 1263 1769 τῶν
1291 1728 1461 1777 τούτοις

140 1796 459 1852 ἀντικειμένων,
490 1803 568 1839 τοῦ
598 1812 643 1838 τε
673 1796 859 1838 ἀτάκτου
891 1796 999 1849 λέγω
1030 1795 1101 1838 καὶ
1133 1796 1358 1850 ἀγνώστου
1388 1795 1459 1838 καὶ
1497 1791 1499 1793 ’

141 1937 346 1991 μετρικὴν
375 1935 497 1989 ὕλην.
547 1935 799 1977 ἐπιτείνεται
829 1935 912 1990 γὰρ
943 1935 995 1976 τὰ
1019 1941 1197 1976 τοιαῦτα
1220 1934 1291 1976 καὶ
1317 1933 1384 1976 ἐπὶ
1409 1934 1461 1975 τὰ

141 2006 304 2059 φυσικὰ
335 2005 562 2060 πράγματα
592 2003 663 2046 καὶ
694 2005 769 2053 τὰς
799 2005 931 2053 ἄλλας
962 2002 1010 2046 δὲ
1040 2005 1341 2058 μαθηματικὰς
1371 2003 1459 2045 ε’πι-

140 2077 312 2129 στήμας.

235 2249 264 2281 1.
297 2245 392 2291 ἤτοι]
425 2256 494 2279 om.
520 2245 603 2280 Vat.
712 2244 752 2290 ἥ]
783 2242 847 2279 καί
876 2244 1043 2286 PVat.v;
1076 2243 1099 2287 ἥ
1131 2254 1240 2288 supra
1275 2253 1339 2278 scr.
1365 2255 1410 2278 m.
1437 2246 1458 2277 2
1496 2233 1499 2235 ’

139 2292 223 2327 Vat.
306 2294 337 2326 8.
365 2292 638 2337 εὐδοκιμοῦσιν]
666 2292 930 2335 εὐδοκημοῦσιν
948 2290 977 2324 Ρ
996 2290 1087 2334 (sine
1107 2289 1191 2334 spir.
1212 2291 1249 2324 et
1267 2291 1355 2334 acc.)
1375 2289 1459 2324 Vat.
1497 2339 1500 2343 ν
