1520 2508
543 48 548 51 ·
570 9 585 69 s
647 45 788 80 DATA.
1334 38 1390 81 17

0 162 4 184 =
53 163 103 192 se
137 146 346 190 rationem
381 143 569 186 habeant
605 142 751 184 datam
787 144 830 189 et
867 139 1040 182 eaedem
1069 136 1391 194 magnitudines

0 231 4 259 ε
57 222 112 275 A,
134 220 184 273 B,
209 218 251 259 Γ
280 215 334 258 ad
370 213 474 256 alias
511 213 718 268 quasdam
748 210 1067 268 magnitudines
1098 212 1153 265 A,
1177 212 1228 264 E,
1254 211 1290 250 Z
1326 222 1394 250 ra·

0 303 3 325 τ
52 290 194 332 tiones
229 286 416 329 habeant
453 285 592 340 datas,
629 283 704 326 sed
739 297 828 325 non
864 282 1045 324 easdem.
1107 280 1222 336 dieo,
1258 279 1392 321 etiam

2 386 3 389 =
57 350 369 416 magnitudines
400 359 455 411 A,
479 358 530 411 Ε,
562 357 606 397 Ζ,
634 354 748 396 inter
779 368 823 396 se
854 353 1001 395 datam
1030 352 1253 394 rationem‘
1273 349 1397 392 habi-

0 448 1 456 *
53 434 175 473 tutas
206 442 308 471 esse.

143 515 243 543 nam
273 498 476 554 quoniam
505 496 617 539 ratio
649 499 720 538 A:
740 498 777 538 Β
810 496 911 537 data
942 498 1008 537 est
1039 497 1083 536 et
1114 493 1226 536 ratio
1259 497 1301 535 A
1321 509 1330 535 ε
1350 496 1394 534 A

54 571 158 614 data
199 573 281 625 est,
325 569 455 612 etiam
497 567 608 610 ratio
646 571 717 609 A:
738 569 775 608 Β
819 567 919 609 data
962 565 1044 608 erit
1082 565 1224 620 [prop.·
1252 563 1396 618 VIII}

1065 650 1216 678 uerum
1281 635 1397 677 ratio

54 685 86 717 A
100 703 124 706 ψ
136 683 412 706 ”“--’έ““
553 682 587 784 ’Ξ
613 700 681 702 μ-
692 699 862 702 ffl——
1065 709 1102 749 Β
1117 710 1182 749 :E
1199 706 1301 749 data
1318 708 1395 748 est.
1427 694 1434 702 ⁸

56 755 309 859 ξηζ-Ῑ-“
560 823 587 855 Z
626 771 648 773 Ἀ
920 768 987 771 —ffl
1067 793 1196 833 quare
1263 777 1398 820 etiam

1064 849 1176 891 ratio
1242 852 1286 890 A
1317 864 1326 890 ε
1359 851 1401 890 Ε

54 926 160 967 data
189 927 254 966 est
287 923 437 979 [ibid.].
492 937 641 965 rursus
671 922 875 977 quoniam
905 921 1018 980 ratio
1044 923 1081 963 B
1102 936 1111 962 :
1134 922 1175 962 Γ
1200 920 1300 963 data
1331 923 1399 962 est

55 998 106 1038 et
125 995 235 1037 ratio
256 997 292 1036 Β
308 998 372 1036 :E
394 995 495 1036 data
514 997 594 1050 est,
618 993 748 1036 etiam
766 993 878 1035 ratio
898 995 959 1034 E:
975 994 1017 1034 Γ
1036 992 1136 1033 data
1161 994 1229 1039 est.
1247 990 1400 1046 [ibid.].

57 1080 211 1108 uerum
240 1065 351 1108 ratio
385 1067 449 1107 F:
471 1067 506 1106 Z
538 1065 638 1106 data
670 1067 746 1106 est.
808 1078 938 1119 quare
971 1063 1101 1105 etiam
1131 1062 1243 1104 ratio
1275 1065 1342 1104 E:
1364 1064 1402 1104 Z

55 1136 161 1178 data
192 1139 257 1178 est
289 1135 440 1191 [ibid.].
500 1149 603 1191 ergo
634 1134 951 1190 magnitudines
983 1137 1039 1189 A,
1063 1137 1113 1188 E,
1141 1136 1175 1175 Z
1209 1133 1324 1175 inter
1355 1147 1402 1174 se

60 1207 274 1250 rationem
304 1206 466 1248 habent
497 1206 653 1248 datam.

705 1335 757 1377 X.

153 1417 199 1461 Si
235 1418 504 1475 magnitudo,
545 1421 793 1474 comparata
836 1432 933 1460 eum
973 1417 1058 1460 alia
1094 1416 1405 1474 magnitudine,

60 1490 165 1531 data
195 1489 331 1533 maior
358 1492 435 1545 est,
466 1504 594 1545 quam
617 1489 664 1531 in
687 1489 866 1544 ratione,
898 1489 1028 1531 etiam
1053 1491 1236 1545 utraque
1261 1488 1405 1544 simul,

60 1575 164 1603 eum
183 1560 328 1602 eadem
347 1564 607 1616 comparata,
625 1561 726 1603 data
745 1559 882 1602 maior
901 1560 982 1602 erit
1002 1548 1131 1615 quam
1151 1560 1197 1602 in
1215 1560 1404 1616 ratione3

63 1634 113 1674 et
149 1631 187 1673 si
221 1633 402 1685 utraque
439 1631 584 1687 simul,
626 1646 722 1674 eum
744 1655 748 1658 ·
767 1631 914 1673 eadem
951 1630 1248 1687 magnitudine
1291 1645 1405 1674 eom-

61 1704 235 1758 parata,
269 1701 370 1744 data
407 1701 543 1744 maior
579 1705 661 1757 est,
699 1717 828 1758 quam
861 1701 907 1743 in
937 1701 1128 1757 ratione,
1165 1702 1297 1745 etiam
1330 1705 1406 1744 aut

62 1772 248 1828 reliqua,
277 1787 373 1814 eum
404 1773 551 1815 eadem
582 1776 848 1828 comparata,
879 1773 979 1815 data
1010 1772 1148 1815 maior
1179 1776 1244 1815 est
1275 1787 1407 1828 quam

65 1842 113 1884 in
141 1843 305 1885 ratione
337 1846 412 1885 aut
441 1843 606 1898 reliqua
637 1858 735 1886 eum
766 1843 978 1899 sequenti,
1016 1843 1070 1885 ad
1108 1858 1238 1899 quam
1270 1844 1408 1887 altera

65 1912 279 1955 rationem
307 1912 437 1956 habet
469 1915 626 1971 datam,
658 1914 758 1957 data
789 1917 866 1956 est.
895 1954 898 1958 .

156 1984 404 2040 magnitudo
435 1985 550 2027 enim
574 1987 675 2041 AB,
706 1987 953 2040 comparata
983 1999 1082 2027 eum
1109 1985 1407 2042 magnitudine

63 2056 163 2110 ΒΓ,
205 2055 304 2098 data
340 2055 476 2098 maior
516 2056 573 2098 sit
611 2071 741 2111 quam
782 2055 829 2097 in
867 2055 1045 2098 ratione.
1118 2056 1232 2112 dieo,
1275 2057 1407 2100 etiam

22 2247 27 2252 .
62 2229 160 2322 μεέἒι
181 2240 250 2312 2137.
275 2230 370 2324 {Vgagj
424 2229 624 2325 εὲξκίέὗοέα.
651 2232 684 2278 β.
782 2235 838 2266 20.
867 2231 980 2279 ἐστιν]
1005 2226 1029 2279 ᾖ
1055 2243 1089 2277 v,
1116 2231 1217 2268 ἔσται
1242 2233 1274 2279 β.
1350 2236 1410 2268 21.

140 2291 340 2379 Euclides),
358 2291 424 2370 (ἑᾶς.
443 2344 578 2378 Heiberg
596 2346 625 2370 et
642 2346 759 2378 Menge.
788 2346 838 2371 VI.
1172 2343 1192 2373 2
