1520 2508
173 123 255 164 166
639 160 643 164 ,
697 125 963 159 ΔΕΔΟΜΕΝΑ.

155 216 196 270 ’ἡ
234 215 282 258 δὲ
320 220 399 259 ΓΒ
442 223 517 271 τῆς
554 220 634 258 BA
675 218 856 273 δοθείσῃ
891 220 1045 272 μείζων
1082 220 1206 260 ἔστω·
1253 217 1380 273 λέγω,’
1425 219 1490 261 ὅτι

170 287 352 328 δοθεῖσά
383 286 500 328 ἐστιν
531 285 706 342 ἑκατέρα
736 294 823 329 τῶν
853 290 947 341 ΒΛ,
975 290 1012 329 Β
1022 289 1066 328 Γ.
1499 313 1501 315 -

257 353 348 396 ἐπεὶ
392 356 474 411 γὰρ
502 355 544 408 ἡ
581 358 669 397 ΒΓ
705 361 780 410 τῆς
815 359 897 398 BA
939 357 1119 411 δοθείσῃ
1163 358 1316 411 μείζων
1359 357 1489 412 ἐστιν,

170 426 277 466 ἔστω
308 424 335 478 ἡ
367 425 549 466 δοθεῖσα
579 424 605 478 ἡ
636 427 745 466 ΔΓ·
777 427 905 480 λοιπὴ
937 427 1020 481 ἄρα
1050 425 1076 479 ἡ
1107 428 1193 467 ΔΒ
1225 433 1276 481 τῇ
1307 429 1387 468 BA
1419 430 1510 498 Z'jo‘n

125 499 145 529 5
172 492 300 534 ἐστίν.
373 492 445 535 καὶ
487 495 876 550 συμπεπληρώσθω
919 496 966 536 τὸ
1004 499 1099 536 ΑΔ.
1172 493 1244 536 καὶ
1286 494 1375 537 ἐπεὶ
1419 474 1509 559 ἴσηξῖ

170 560 288 603 ἐστὶν
318 562 344 615 ἡ
375 565 460 604 AB
497 578 549 618 τῃ
578 566 686 617 ΔΒ,
730 566 857 616 λόγος
894 565 977 619 ἄρα
1014 563 1103 606 ἐστὶ
1143 570 1218 617 τῆς
1255 568 1340 606 AB
1382 566 1509 620 πρὸς

168 632 248 685 τὴν
285 634 367 672 ΒΔ
409 632 574 681 δοθείς·
623 633 806 674 δοθεῖσα
849 631 896 674 δε
938 632 1010 674 καὶ
1046 633 1071 686 ἡ
1114 633 1199 675 ὑπὸ
1236 641 1323 675 τῶν
1359 637 1489 675 ΑΒΔ

167 702 322 753 γωνία·
354 700 526 742 δέδοται
558 702 641 756 ἄρα
671 703 719 743 τὸ
745 705 830 743 AA
859 708 918 759 τῷ
949 703 1065 744 εἴδει.
1116 701 1205 744 ἐπεὶ
1231 700 1311 745 οὖν
1335 704 1382 744 τὸ
1403 682 1520 784 AF}

171 767 308 811 δοθὲν
345 771 462 825 παρὰ
504 771 713 812 δοθεῖσαν
755 772 834 825 τὴν
870 773 964 813 ΔΓ
998 770 1317 825 παραβέβληται
1359 772 1488 827 ὑπερ-

100 844 144 874 10
167 838 331 891 βάλλον
362 840 465 880 εἰδει
492 839 709 896 δεδομένω
735 846 794 882 τω
821 844 919 894 ΑΔ,
950 839 1163 881 δέδοται’
1147 842 1231 895 ἄρα
1256 841 1303 882 τὸ
1328 841 1520 890 πλατος

167 912 242 960 τῆς
277 907 536 964 ὑπερβολῆς·
579 909 762 950 δοθεῖσα
799 910 881 963 ἄρα
920 908 1036 951 ἐστὶν
1066 909 1092 962 ἡ
1123 912 1215 951 BA.
1277 909 1386 952 ἀλλὰ
1415 909 1487 952 καὶ
1516 948 1520 970 ¹

165 975 192 1029 ἡ
222 978 331 1018 ΔΓ·
375 975 447 1018 καὶ
484 978 561 1031 ὅλη
598 978 681 1033 ἄρα
718 977 743 1031 ἡ
773 980 870 1019 ’ΒΓ
907 978 1087 1019 δοθεῖσα
1124 977 1251 1020 ἐστιν.
1313 980 1401 1020 ἔστι
1439 977 1520 1031 δεῇ

164 1043 237 1086 καὶ
273 1044 299 1098 ἡ
331 1048 416 1086 ΑΒ
457 1047 657 1088 δοθεῖσα·
701 1045 878 1102 ἑκατέρα
915 1048 998 1101 ἄρα
1034 1054 1121 1088 τῶν
1158 1050 1257 1101 ΑΒ,
1288 1050 1376 1089 ΒΓ
1414 1049 1484 1089 δο-
1516 1058 1520 1059 ’

163 1114 293 1156 θεῖσά
325 1114 452 1156 ἐστιν.

94 1211 138 1242 15
787 1207 868 1249 πε’.

247 1285 348 1328 Ἐὰν
373 1288 453 1329 δύο
479 1288 648 1329 εὐθεῖαι
673 1286 808 1330 δοθὲν
826 1290 988 1343 χωρίον
1011 1287 1268 1343 περιέχωσιν
1293 1289 1340 1330 ἐν
1360 1289 1482 1330 δεδο-
1518 1335 1520 1338 ,

162 1355 269 1411 μένῃ
300 1358 450 1412 γωνίᾳ,
480 1353 508 1412 ᾗ
539 1355 587 1399 δὲ
617 1359 944 1413 συναμφότερος
974 1358 1173 1411 δοθεῖσα,
1204 1356 1276 1399 καὶ
1307 1356 1481 1412 ἑκατέρα
1516 1353 1520 1368 ³

162 1425 307 1466 αὐτῶν
338 1427 456 1466 ἔσται
487 1427 680 1467 δοθεῖσα,

249 1494 330 1534 δύο
361 1495 443 1549 γὰρ
475 1494 643 1536 εὐθεῖαι
675 1495 722 1536 αἱ
749 1497 855 1548 AB,
879 1497 967 1542 ΒΓ
998 1493 1133 1536 δοθὲν
1169 1497 1329 1550 χωρίον
1364 1509 1481 1549 περι-

93 1569 138 1600 20
162 1561 375 1616 εχέτωσαν
399 1564 448 1604 τὸ
467 1567 509 1604 Α
518 1566 559 1605 Γ
584 1563 631 1605 ἐν
653 1563 862 1618 δεδομένῃ
887 1566 1024 1620 γωνίᾳ
1047 1570 1099 1619 τῇ
1123 1564 1207 1605 ὑπὸ
1233 1571 1320 1605 τῶν
1338 1568 1380 1605 A
1387 1566 1481 1618 BF,

161 1629 233 1673 καὶ
264 1633 371 1674 ἔστω
409 1634 736 1687 συναμφότερος
772 1632 798 1685 ἡ
831 1635 968 1674 ΑΒΓ
997 1634 1194 1675 δοθεῖσα·
1244 1631 1372 1686 λέγω,
1415 1634 1481 1674 ὅτι

161 1699 234 1742 καὶ
265 1699 442 1756 ἑκατέρα
472 1708 560 1743 τῶν
590 1704 691 1755 ΑΒ,
715 1703 804 1742 ΒΓ
829 1701 917 1743 ἐστι
949 1703 1142 1744 δοθεῖσα.

249 1770 419 1823 διήχθω
451 1771 533 1825 γὰρ
564 1770 590 1823 ἡ
624 1773 702 1811 ΓΒ
740 1769 809 1812 ἐπὶ
840 1771 887 1812 τὸ
919 1774 980 1824 Δ,
1004 1770 1088 1823 ,καὶ
1118 1773 1280 1813 κείσθω
1311 1778 1362 1826 τῇ
1395 1774 1479 1812 AB

162 1842 232 1892 ἴση
263 1838 289 1892 ἡ
321 1841 422 1893 ΒΔ,
458 1837 530 1881 καὶ
561 1840 633 1881 διὰ
664 1846 742 1881 τοῦ
772 1844 816 1880 A
851 1847 901 1895 τῇ
932 1843 1013 1881 ΒΑ
1049 1841 1321 1895 παράλληλος
1356 1841 1478 1894 ἤχθω

252 2014 283 2045 2
311 2009 426 2090 gam}
449 2021 517 2046 om
544 2010 578 2044 b.
673 2013 703 2045 3.
732 2009 809 2044 ἐπεί
835 2030 878 2035 -
899 2011 1034 2055 5AA]
1060 2021 1131 2054 mg.
1158 2022 1204 2044 m.
1227 2014 1245 2043 1
1272 2010 1316 2053 P3
1342 2008 1478 2044 κεισθω

158 2055 228 2100 γὰρ
220 2061 296 2110 τῃ
322 2060 380 2091 ΒΑ
418 2056 464 2101 ’ση
489 2056 511 2101 ἡ
538 2059 618 2100 AB,
643 2057 706 2091 καὶ
731 2058 768 2091 δι
756 2055 794 2090 ιὰ
818 2061 882 2091 τοῦ
899 2024 935 2091 Δ
959 2062 1002 2102 τῇ
1024 2059 1088 2090 AB
1113 2055 1338 2100 παράλληλος
1362 2055 1478 2101 ἤχθω,

159 2113 182 2158 ἡ
213 2116 286 2148 ΔΕ
318 2114 390 2148 ἐστι
421 2115 577 2149 δοθεῖσα
602 2113 675 2157 ἄρα
701 2113 820 2158 ἐστὶὴ
846 2117 922 2148 ΔΓ
946 2113 981 2147 b.
1101 2117 1132 2148 4.
1167 2113 1253 2148 ἔστω
1278 2113 1316 2158 ἡ]
1349 2124 1417 2148 om
1445 2125 1476 2147 v.

207 2161 280 2205 BA]
306 2163 370 2194 AB
389 2160 473 2196 vat.
482 2172 514 2195 v.
589 2163 619 2195 5
647 2158 709 2195 καί
729 2162 792 2204 (pr.
795 2161 823 2206 )]
850 2170 919 2195 om.
939 2160 1022 2194 Vat.
1098 2163 1127 2194 7.
1154 2161 1308 2194 δοθεῖσα
1334 2157 1374 2193 δὲ
1400 2157 1477 2204 καί]

157 2206 222 2296 ζῖὲ
245 2206 461 2298 ἓῗιῗξβῖἶῆξ]
486 2258 550 2287 τοῦ
567 2204 907 2307 {nffgffissossss
917 2206 952 2250 b'
993 2206 1223 2298 ΒΔῨΟΔὲΔέ.
1244 2209 1272 2239 A
1297 2205 1362 2285 διὰ.
1390 2209 1477 2343 ἔσιτῖ]

157 2297 255 2333 ἔστιν
280 2310 312 2333 v
434 2302 487 2334 13
515 2296 666 2342 ἑκατέρα
695 2320 735 2324 -
763 2301 816 2333 14.
843 2297 954 2343 ἐστιν]
981 2309 1049 2332 om.
1076 2297 1110 2332 b.
1231 2300 1284 2331 16.
1316 2298 1462 2332 εὐθεῖαι
