1520 2508
621 81 839 116 SCHOLIA.
891 126 893 128 ¹
1318 79 1407 121 275

53 183 142 224 AB
173 178 361 235 μέγεθος
392 176 732 234 συναμφοτέρου
763 182 844 219 τοῦ
870 179 913 218 A
922 178 964 218 F
989 174 1171 218 δοθέντι
1203 177 1349 231 μεῖζον
1381 175 1408 231 ἢ

20 243 23 252 ’
53 250 101 294 έν
138 252 253 308 λόγῳ
297 247 371 292 καὶ
408 248 586 304 ἀφελὼν
628 249 677 290 τὸ
716 245 854 290 δοθὲν
891 245 1079 303 μέγεθος
1115 247 1164 289 τὸ
1202 250 1294 289 ΑΕ
1334 245 1408 289 καὶ

39 319 324 379 ’βουλόμενος
361 318 519 374 δεῖξαι,
563 319 630 361 ὅτι
667 320 716 361 τὸ
749 318 857 361 αὐτὸ
896 319 945 361 τὸ
977 320 1064 360 ΑΒ
1102 316 1176 360 καὶ
1213 324 1292 360 τοῦ
1324 321 1416 361 ΒΓ

53 391 234 436 δοθέντι
265 392 410 447 μεῖζόν
442 389 562 433 ἐστιν
593 389 620 444 ἢ
652 389 700 432 ἐν
732 391 868 445 λόγω,
900 388 1032 443 λέγει·
1075 388 1290 444 γεγονέτω
1323 390 1407 446 γὰρ

77 489 106 520 A
427 485 461 518 E
599 487 633 518 Δ
805 486 832 517 Β
1024 485 1058 517 Γ
1356 486 1384 518 Ζ

86 533 128 556 ι-
620 531 624 554 2
1368 531 1372 554 ¹

54 605 113 656 ὡς
143 606 192 647 τὸ
224 607 319 647 ΑΓ
347 605 458 661 πρὸς
488 604 537 646 τὸ
570 606 673 658 ΕΒ,
712 603 853 654 οὕτως
883 604 932 646 τὸ
965 607 1052 645 ΑΔ
1085 604 1196 659 πρὸς
1226 604 1275 646 τὸ
1306 607 1408 647 ΔΕ.
1458 613 1480 644 5

14 677 16 688 ⁵
53 675 130 719 ἐὰν
162 673 244 719 οὖν
275 676 541 730 βουλώμεθα
572 680 753 730 ποιῆσαι
792 675 851 724 ὡς
882 675 931 716 τὸ
964 676 1058 716 ΑΓ
1087 675 1198 731 πρὸς
1229 675 1278 717 τὸ
1310 678 1409 731 ΕΒ,

13 766 15 774 1
54 746 194 797 οὕτως
226 747 274 789 τὸ
306 750 394 788 ΑΛ
424 746 534 802 πρὸς
564 746 614 788 τὸ
645 749 754 800 ΛΕ,
794 745 1198 796 κατασκευάσαντες
1228 747 1409 800 ποιήσο-

11 828 14 875 g
54 833 134 873 μεν
178 817 333 867 οὕτως’
385 816 666 872 ἐκβεβλήσθω
711 817 794 873 γὰρ
839 815 865 871 ἡ
904 818 998 858 ΛΓ
1034 815 1104 858 ἐπὶ
1148 817 1196 858 τ“ὸ
1238 819 1292 871 Ζ,
1335 815 1410 859 καὶ

11 877 13 912 ³
53 890 218 930 κείσθω
256 894 308 944 τῇ
347 891 438 930 ΛΕ
477 891 548 942 ἴση
586 887 612 942 ἡ
653 889 753 942 ΓΖ,
797 886 870 929 καὶ
908 886 1124 942 γεγονέτω
1163 887 1223 937 ὡς
1259 888 1285 943 ἡ
1327 891 1408 930 ΖΒ

52 960 162 1016 πρὸς
193 960 274 1014 τὴν
304 962 409 1014 ΒΕ,
442 959 582 1008 οὕτως
613 958 639 1013 ἡ
674 963 744 1013 ἴση
777 966 828 1015 τῇ
863 961 956 1013 ΖΓ,
988 957 1217 1001 τουτέστιν
1248 958 1274 1013 ἡ
1306 962 1408 1014 ΑΕ,
1436 968 1481 999 10

8 1019 11 1067 ἷ
52 1031 162 1087 πρὸς
192 1031 274 1085 τὴν
304 1033 411 1072 ΕΔ·
451 1031 588 1085 δῆλον
619 1030 724 1085 γάρ,
764 1030 830 1072 ὅτι
859 1035 1092 1080 ποιοῦντες
1123 1029 1182 1079 ὡς
1213 1030 1294 1085 τὴν
1327 1032 1408 1072 ΖΒ

8 1102 162 1158 ἷ’πρὸς
192 1102 274 1156 τὴν
306 1104 404 1156 ΒΕ,
437 1100 577 1150 οὕτως
607 1102 689 1155 τὴν
721 1104 812 1142 ΑΕ
840 1101 950 1157 πρὸς
981 1102 1120 1155 ἄλλην
1151 1100 1265 1155 τινα,
1298 1102 1410 1158 πρὸς

8 1181 29 1233 '¹
53 1171 268 1215 ἐλάσσονα
299 1177 376 1227 τῆς
407 1175 495 1213 ΒΕ
523 1173 782 1227 ποιήσομεν·
828 1170 1043 1225 γεγονέτω
1077 1169 1159 1214 οὖν
1190 1172 1301 1228 πρὸς
1328 1172 1409 1226 τὴν

31 1246 148 1298 EA.
211 1241 303 1285 ἐπεὶ
335 1240 418 1286 οὖν
449 1242 569 1285 ἐστιν
601 1243 660 1292 ὡς
691 1242 716 1296 ἡ
753 1246 834 1284 ΖΒ
871 1243 982 1298 πρὸς
1013 1243 1094 1298 τὴν
1126 1245 1230 1298 ΒΕ,
1269 1242 1410 1293 οὕτως
1498 1295 1502 1298 ⁶

26 1313 79 1368 ἡ
106 1317 198 1356 ΛΕ
224 1315 335 1370 πρὸς
360 1317 462 1368 ΕΔ,
494 1312 707 1356 συνθέντι
740 1313 872 1369 ἐστίν,
905 1314 964 1363 ὡς
995 1314 1021 1369 ἡ
1057 1316 1142 1356 ΖΕ
1168 1314 1280 1370 πρὸς
1310 1316 1408 1369 ΕΒ,
1436 1323 1480 1355 15

0 1384 194 1434 ΐὲοὕτως
223 1384 249 1439 ἡ
282 1388 370 1427 ΑΔ
401 1385 510 1441 πρὸς
541 1388 641 1427 ΔΕ.
691 1389 761 1439 ἴση
795 1382 843 1427 δὲ
875 1385 900 1440 ἡ
935 1387 1021 1426 ΖΕ
1048 1391 1101 1441 τῇ
1133 1387 1228 1426 AF
1252 1385 1327 1426 διὰ
1358 1385 1407 1427 τὸ

53 1461 104 1511 τῇ
142 1458 233 1497 ΑΕ
275 1459 376 1510 ἴσην
420 1452 532 1498 εἶναι
576 1457 658 1510 τὴν
697 1458 789 1497 FZ.
862 1458 982 1498 ἔστιν
1025 1456 1111 1512 ἄρα
1155 1455 1214 1505 ὡς
1257 1454 1283 1509 ἡ
1322 1457 1416 1497 AF

0 1518 33 1554 ‘s
52 1526 162 1582 πρὸς
192 1529 290 1581 ΕΒ,
322 1526 462 1576 οὕτως
493 1527 519 1581 ἡ
552 1530 640 1568 ΑΔ
669 1527 780 1582 πρὸς
811 1530 913 1568 ΔΕ.

0 1592 3 1605 ⁸
141 1609 211 1652 57.
256 1611 463 1665 Σχόλιον.
519 1609 578 1659 ὡς
610 1611 949 1666 συναμφότερον
980 1610 1029 1652 τὸ
1056 1613 1158 1664 ΑΕ,
1183 1611 1275 1651 ΒΓ
1297 1611 1409 1666 πρὸς

54 1681 157 1734 ΛΓ,
196 1679 336 1730 οὕτως
373 1680 421 1722 τὸ
454 1683 546 1721 ΛΕ
579 1681 689 1736 πρὸς
721 1684 819 1722 ΑΛ.
880 1678 954 1722 καὶ
985 1679 1207 1722 ἀνάπαλιν
1243 1679 1316 1722 καὶ
1349 1681 1409 1731 ὡς
1434 1690 1480 1722 20

0 1743 34 1805 'J'
53 1749 101 1791 τὸ
133 1752 227 1792 AF
262 1751 372 1806 πρὸς
409 1752 747 1807 συναμφότερον
784 1754 886 1806 ΑΕ,
914 1753 1016 1805 ΒΓ,
1061 1751 1202 1801 οὕτως
1238 1752 1287 1794 τὸ
1320 1756 1408 1793 ΔΑ

18 1819 163 1883 ’,πρὸς
205 1824 296 1862 ΑΕ
336 1819 409 1863 καὶ
453 1820 778 1878 ἀναστρέψαντι
822 1822 881 1871 ὡς
924 1822 973 1863 τὸ
1019 1824 1113 1863 AF
1155 1823 1266 1878 πρὸς
1308 1825 1407 1877 ΕΒ,

54 1889 194 1940 οὕτως
224 1891 273 1933 τὸ
306 1895 392 1934 ΑΔ
422 1893 533 1948 πρὸς
562 1895 654 1934 ΔΕ
683 1893 847 1942 δοθείς.

147 2007 227 2052 Fig.
255 2018 324 2043 om.
352 2007 406 2042 Pl.

148 2117 203 2149 57.
230 2126 263 2149 v,
301 2160 308 2164 .

15 2254 18 2255 γ
149 2224 181 2255 2.
209 2218 335 2266 ἀφέλω
360 2219 384 2256 l.
491 2220 531 2256 τὸ
551 2222 622 2255 ΑΕ
646 2220 687 2255 τὸ
708 2218 827 2255 δοθὲν
848 2218 1008 2266 μέγεθος
1033 2232 1062 2256 ο.
1175 2224 1205 2256 7.
1231 2221 1272 2257 τό
1294 2221 1404 2268 (alt.)]

55 2278 123 2303 om.
150 2267 174 2303 1.
285 2271 316 2302 8.
345 2266 473 2315 οὕτως]
501 2279 570 2303 om.
598 2281 628 2312 ρ.
734 2271 764 2302 9.
791 2268 851 2314 τῇ]
877 2266 923 2302 τά
947 2268 993 2314 P,
1019 2267 1060 2303 τό
1086 2268 1110 2303 1.
1211 2270 1291 2315 ZB]
1319 2272 1347 2303 Β
1374 2280 1403 2305 ο.

23 2366 32 2378 Ρ
102 2318 157 2350 10.
183 2315 206 2361 ἡ
222 2315 320 2361 (pr.)]
341 2326 411 2351 om.
425 2315 449 2350 l.
525 2319 579 2350 15.
608 2313 721 2362 ἐστίν]
745 2314 844 2350 ἔσται
863 2329 894 2360 ρ.
970 2319 1025 2351 19.
1046 2315 1209 2363 σκόλιον]
1230 2327 1348 2361 comp.
1370 2328 1404 2351 v.

1119 2375 1189 2410 18*
