1520 2508
175 89 232 130 64
703 89 969 123 AEAOMENA.

262 184 461 237 εἰλήφθω
499 183 581 237 γὰρ
620 180 689 223 ἐπὶ
724 187 799 236 τῆς
835 185 919 223 ΑΒ
963 180 1099 224 δοθὲν
1141 189 1318 236 σημεῖον
1360 183 1408 224 τὸ

174 251 247 295 καὶ
276 253 480 306 κατήχθω
511 251 594 293 ἀπὸ
625 256 703 293 τοῦ
736 254 776 293 A
807 250 875 293 ἐπὶ
905 253 984 306 τὴν
1016 254 1095 293 ΓΛ
1125 251 1309 301 κάθετος
1338 241 1364 306 ἦ
1396 254 1436 293 A

177 319 268 363 ἐπεὶ
304 321 386 362 ἀπὸ
424 319 660 375 δεδομένου
697 322 876 375 σημείου
912 326 990 362 τοῦ
1028 323 1068 362 A
1111 319 1180 362 ε’πὶ
1221 320 1341 363 θέσει
1378 321 1506 370 δεδοᾉ

177 390 312 445 μένην
342 390 521 432 εὐθεῖαν
556 391 636 444 τὴν
669 392 747 431 ΓΔ
783 390 933 432 εὐθεῖα
969 391 1140 445 γραμμὴ
1177 387 1302 444 ἦκται
1337 389 1363 444 ἡ
1396 393 1436 432 Λ
1475 381 1510 446 '⁴¹

133 467 153 498 5
180 459 418 514 δεδομένην
447 465 633 501 ποιοῦσα
663 461 829 512 γωνίαν
858 461 938 513 τὴν
967 459 1052 501 ὑπὸ
1083 466 1171 501 τῶν
1203 462 1350 513 ANA,
1338 454 1510 660 ,θέσοεέ

179 531 262 585 ἄρα
300 527 417 571 ἐστὶν
452 529 478 583 ἡ
513 531 616 570 AN.
676 527 798 570 θέσει
835 526 882 570 δὲ
923 527 995 570 καὶ
1030 528 1057 582 ἡ
1096 530 1191 569 ΓΔ·
1241 526 1376 570 δοθὲν
1417 544 1471 584 αρ

178 601 226 642 τὸ
252 603 303 642 Ν
328 606 517 653 σημεῖον.
572 600 662 640 ἔστι
693 595 742 639 δὲ
771 596 844 640 καὶ
874 599 922 640 τὸ
949 601 988 639 A
1020 596 1172 639 δοθέν·
1211 598 1392 639 δοθεῖσα
1417 614 1443 639 α
1505 609 1511 641 1

180 668 297 711 ἐστὶν
328 669 354 723 ἡ
387 671 489 710 ΛΝ.
550 666 622 709 καὶ
655 666 744 709 ἐπεὶ
775 669 902 721 λόγος
933 665 1023 709 ἐστὶ
1055 672 1130 721 τῆς
1163 669 1257 708 ΖΗ
1285 667 1394 722 πρὸς
1423 666 1516 728 τὴύι,

180 741 273 780 ΗΕ
301 739 464 791 δοθείς,
495 737 554 786 ὡς
579 735 626 779 δὲ
650 737 676 791 ἡ
711 740 804 778 ΖΗ
827 737 935 792 πρὸς
959 738 1039 791 τὴν
1057 739 1161 790 HE,
1193 735 1331 785 οὕτως
1354 736 1380 790 ἡ
1399 713 1511 798 NNJ

113 813 156 844 10
180 808 289 863 πρὸς
318 808 397 862 τὴν
428 809 535 859 ΜΛ,
565 808 692 860 λόγος
722 808 806 862 ἄρα
835 805 907 848 καὶ
937 812 1012 860 τῆς
1036 808 1147 847 ΝΜ
1169 806 1277 861 πρὸς
1307 806 1387 859 τὴν
1410 804 1510 850 MA

180 878 345 925 δοθείς·
390 877 497 918 ὥστε
527 875 600 918 καὶ
630 882 705 930 τῆς
735 878 823 918 NA
861 876 968 931 πρὸς
998 876 1078 930 τὴν
1107 877 1200 917 ΜΛ
1237 882 1326 916 ε’στι
1356 870 1503 929 δοθεὶς

181 947 319 999 λόγος.
381 946 562 987 δοθεῖσα
599 943 647 987 δε
683 946 709 999 ἡ
740 948 839 987 ΝΛ.
899 946 1081 986 δοθεῖσα
1117 946 1201 1000 ἄρα
1234 942 1306 985 καὶ
1336 943 1362 997 ἡ
1394 925 1503 990 Ani:

181 1014 289 1057 ἄλλα
319 1013 391 1056 καὶ
422 1022 473 1070 τῇ
503 1014 636 1056 θέσει.
684 1017 760 1056 καί
787 1014 877 1056 ἐστι
908 1012 1044 1056 δοθὲν
1073 1015 1122 1055 τὸ
1154 1016 1214 1054 Λ·
1255 1011 1390 1055 δοθὲν
1421 1004 1503 1078 ἅρᾷ

179 1083 251 1126 καὶ
287 1085 335 1126 τὸ
373 1087 436 1126 Μ
498 1083 587 1126 ἐπεὶ
623 1081 704 1126 οὖν
741 1084 813 1126 διὰ
850 1083 1085 1138 δεδομένου
1124 1085 1302 1137 σημείου
1338 1088 1416 1124 τοῦ

114 1159 156 1191 15
182 1154 298 1209 παρὰ
328 1152 451 1195 θέσει
481 1152 718 1208 δεδομένην
743 1153 922 1195 εὐθεῖαν
947 1154 1027 1207 τὴν
1050 1154 1128 1194 ΓΔ
1158 1152 1308 1194 εὐθεῖα
1332 1167 1476 1207 γραμμ
1499 1138 1514 1205 [³

50 1219 53 1220 ⁷
108 1283 113 1288 ρ
175 1219 299 1276 ἦκται
329 1222 355 1276 ἡ
391 1225 493 1277 ΘΚ,
524 1221 645 1264 θέσει
675 1224 759 1278 ἄρα
790 1221 907 1264 ἐστὶν
937 1221 963 1275 ἡ
998 1223 1093 1263 ΘΚ.
1484 1212 1503 1297 ᾗ

1486 1306 1513 1350 ξ.

798 1314 880 1369 λη’·

261 1384 360 1426 Ἐὰν
402 1386 463 1434 εἰς
493 1386 796 1440 παραλληλους
831 1391 882 1440 τῇ
912 1383 1035 1426 θέσει
1066 1382 1300 1437 δεδομένας
1331 1368 1503 1443 εὐθείαᾷ

181 1454 330 1496 εὐθεῖα
367 1455 539 1509 γραμμὴ
578 1454 692 1510 ἀχθῇ
735 1452 807 1495 καὶ
846 1457 1066 1510 προστεθῇ
1103 1468 1167 1502 τις
1203 1452 1311 1508 αὐτῇ
1355 1439 1513 1518 εὐθεῖᾷ,

111 1530 155 1561 20
180 1525 312 1577 λόγον
342 1526 499 1578 ἔχουσα
529 1522 637 1579 πρὸς
662 1523 799 1577 αὐτὴν
824 1521 1072 1577 δεδομένον,
1103 1523 1187 1564 διὰ
1202 1519 1250 1563 δὲ
1274 1527 1352 1562 τοῦ
1376 1519 1513 1594 πέρα-

179 1607 253 1642 τος
288 1594 404 1648 παρὰ
440 1594 515 1642 τὰς
551 1599 601 1647 τῇ
632 1591 753 1634 θέσει
788 1590 1022 1646 δεδομένας
1051 1591 1324 1646 παραλληλος
1354 1565 1513 1634 εὐθεῖᾱῑ

177 1663 348 1718 γραμμὴ
381 1662 514 1717 ἄχθῃ,
546 1660 719 1703 δέδοται
749 1661 774 1714 ἡ
807 1660 989 1715 ἀχθεῖσα
1019 1666 1070 1715 τῇ
1101 1658 1233 1701 θέσει.

265 1733 326 1781 εἰς
363 1732 444 1786 γὰρ
482 1731 784 1785 παραλλήλους
820 1736 871 1785 τῇ
907 1728 1029 1771 θέσει
1067 1727 1300 1783 δεδομένας
1331 1728 1513 1797 εὐθείας

177 1801 252 1850 τας
283 1803 387 1854 AB,
414 1802 492 1842 ΓΔ
528 1799 678 1841 εὐθεῖα
713 1800 886 1855 γραμμὴ
917 1799 1040 1852 ἤχθω
1071 1797 1098 1851 ἡ
1130 1801 1231 1852 EZ,
1271 1796 1342 1839 καὶ
1371 1803 1508 1852 προσ-ζ’
1512 1843 1513 1846 ¹

270 1907 301 1937 2.
333 1902 447 1948 κατήχ
449 1903 523 1948 θω]
549 1901 692 1947 διήχθω
718 1912 750 1935 a.
864 1901 911 1946 A]
936 1903 964 1934 A
990 1911 1022 1934 a.
1134 1903 1165 1934 5.
1199 1900 1287 1945 τῶν]
1313 1899 1381 1943 τήν
1406 1893 1514 1934 ἾΒᾹΞῘΫ

178 1949 246 1983 del.
267 1961 313 1983 m.
335 1953 366 1983 2.
441 1952 471 1983 7.
498 1950 606 1983 δοθει
595 1948 668 1993 σοι]
694 1945 797 1982 θέσει
816 1958 847 1981 a.
923 1950 953 1980 8.
979 1946 1061 1991 τήν]
1088 1951 1130 1991 τῇ
1151 1957 1182 1980 a.
1257 1949 1288 1980 9.
1317 1947 1394 1980 ΗΕ
1408 1924 1505 1993 (pnfl

178 1998 217 2029 H
239 2006 427 2040 suprascr.
442 2007 487 2030 m.
504 1999 570 2029 lv.
646 1994 751 2039 NM]
773 1995 910 2027 MNa.
985 1997 1040 2027 10.
1068 1993 1175 2050 NM]
1198 1993 1289 2026 MN
1304 2003 1367 2026 va
1449 1994 1505 2030 llz

178 2043 266 2087 MA]
287 2044 374 2076 AM
386 2053 418 2076 a.
491 2040 595 2099 λόγος
615 2040 687 2075 ἐστὶ
707 2038 815 2075 δοθεί
803 2053 834 2079 ις
853 2050 884 2073 a.
960 2042 1013 2072 13.
1034 2037 1140 2083 ἀλλά]
1162 2050 1230 2073 om.
1246 2050 1277 2072 a.
1353 2041 1406 2072 17.
1427 2039 1507 2082 λη

176 2088 239 2122 λθ’
261 2088 293 2133 β.
381 2091 433 2122 18.
461 2085 611 2126 εὐθειας
635 2092 678 2132 τῇ
703 2084 806 2121 θέσει
832 2083 1033 2129 δεδομένας
1058 2086 1080 2130 β
1105 2086 1256 2130 (nona).
1334 2087 1389 2119 20.
1415 2083 1467 2118 Po

176 2132 332 2177 πέρατος
356 2145 439 2168 cum
464 2133 666 2168 editoribus
693 2131 859 2167 desidero
884 2137 947 2176 τῆς
972 2129 1243 2175 προστεθείσης.
1331 2133 1385 2164 21.
1412 2141 1464 2164 πα

177 2179 340 2225 άλληλος]
368 2178 518 2220 εὐθείας
542 2181 573 2225 β.
670 2183 726 2213 22.
752 2178 863 2224 ἄχθει
888 2189 920 2221 V,
947 2188 1035 2211 corr.
1062 2189 1108 2212 m.
1135 2181 1166 2211 2.
1263 2176 1438 2222 ἀχθεῖσα]

176 2226 246 2260 hoc
265 2226 446 2260 uocabulo
465 2225 596 2270 incipit
615 2225 654 2268 b3
675 2225 804 2259 tibulus
825 2226 896 2259 est·
917 2222 1104 2258 εὐκλείδου
1123 2220 1306 2267 δεδομένα
1325 2227 1389 2267 τῆς
1408 2219 1456 2257 θὲ
1501 2253 1515 2279 J·

178 2285 240 2312 νος
265 2272 449 2316 ἐκδόσεως,
475 2284 546 2316 mg.
573 2270 688 2306 λείπει
712 2271 734 2316 ἡ
761 2271 863 2316 ἀρχή-
