1520 2508
622 88 840 122 SCHOLIA.
1319 83 1373 124 27
1382 83 1403 124 l

10 259 13 270 f
52 258 303 313 ἀμφότερον
334 256 383 298 τὸ
415 259 458 297 A
467 257 510 297 Γ
537 260 616 297 τοῦ
648 254 787 296 αὐτοῦ
819 259 898 296 τοῦ
932 255 1012 295 ΓΒ
1046 251 1228 295 δοθέντι
1259 252 1408 306 μεῖζον

51 330 160 371 ἔστω
193 327 220 382 ἢ
253 327 302 369 ἑν
332 328 462 384 λόγῳ,
493 324 567 367 καὶ
600 327 708 367 ἔστω
742 325 791 367 τὸ
824 322 963 367 δοθὲν
994 325 1182 366 ἔλασσον
1212 327 1291 364 τοῦ
1318 324 1360 363 Α
1369 323 1406 362 Β

51 399 100 441 τὸ
132 401 220 440 ΑΔ
249 396 323 439 καὶ
355 399 466 439 ἔστω
496 397 546 438 τὸ
577 387 616 451 β.
671 395 749 438 ἐὰν
780 391 864 439 οὖν
894 396 1023 445 ὄντος
1053 392 1158 436 καθ’
1186 393 1407 435 ὑπόθεσιν

50 474 129 512 τοῦ
161 470 255 510 ΑΓ
286 462 382 510 οἷον
418 470 484 522 W,
522 473 602 509 τοῦ
641 464 690 509 δὲ
722 469 813 509 ΒΓ
844 467 972 516 ὄντος
1003 468 1051 520 ἧς
1090 464 1167 507 ἐὰν
1205 463 1289 506 ἀπὸ
1327 468 1406 505 τοῦ
1457 471 1479 503 5

22 541 143 598 ἸΑΓ
171 546 260 583 τῶν
291 540 338 593 ἦ
375 537 524 594 ἀφέλω
563 538 613 580 τὸ
645 541 739 579 AA
776 537 829 579 τὰ
860 527 908 592 β,
953 538 1002 579 τὸ
1041 536 1197 578 λοιπὸν
1235 535 1284 577 τὸ
1317 535 1413 576 ΔΓ

49 611 102 652 τὰ
125 613 173 655 ξ
201 610 312 665 πρὸς
339 610 388 651 τὸ
414 609 521 652 αὐτὸ
553 609 602 651 τὸ
630 610 712 650 ΓΒ
744 609 798 650 τὰ
822 611 858 663 ἦ
884 610 1019 662 λόγον
1052 609 1137 662 ἔχει
1164 603 1406 660 δεδομένον

51 681 125 723 διὰ
155 681 204 723 τὸ
238 680 286 723 ἐν
316 688 409 730 τοῖς
441 680 562 736 ὅροις
593 678 837 736 εἰρημένον.
899 679 1062 734 ὁμοίως
1098 676 1170 719 καὶ
1207 678 1407 718 δείκνυσι

8 755 10 757 ’
35 753 226 806 λοιπόν,
265 752 332 794 ὅτι
363 750 436 793 καὶ
469 751 626 793 λοιπὸν
656 751 705 793 τὸ
738 753 826 792 ΑΒ
857 750 910 792 τὰ
940 751 965 792 ῖ
991 749 1103 805 πρὸς
1133 749 1184 790 τὸ
1216 747 1324 790 αὐτὸ
1356 747 1405 788 τὸ

52 824 132 864 ΓΒ
164 823 217 864 τὰ
247 824 283 877 ἧ
308 824 442 876 λόγον
474 823 560 877 ἔχει
592 820 844 877 δεδομένον.
894 819 967 863 καὶ
999 820 1073 862 διά
1098 824 1229 861 τοῦτο
1258 817 1330 861 καὶ
1355 817 1405 859 τὸ
1434 827 1479 859 10

51 893 207 935 λοιπὸν
237 893 287 934 τὸ
313 895 399 934 ΑΒ
431 893 485 934 τὰ
510 894 533 934 Z
558 898 637 934 τοῦ
663 892 801 934 αὐτοῦ
827 897 907 934 τοῦ
933 893 1025 934 ΒΓ
1048 898 1137 933 τῶν
1162 893 1198 946 ἢ
1223 888 1407 932 δοθέντι

51 965 196 1019 μεῖζόν
228 962 347 1005 ἐστιν
378 962 404 1018 ἢ
437 963 485 1005 ἐν
517 965 652 1020 λόγῳ·
696 963 774 1005 ε’ἀν
804 963 888 1019 γὰρ
924 961 1072 1018 ἀφέλω
1104 960 1177 1003 καὶ
1209 961 1294 1003 ἀπὸ
1326 966 1406 1002 τοῦ

0 1077 3 1078 γ
51 1037 139 1076 ΑΒ
171 1041 260 1076 τῶν
284 1034 309 1076 Z
333 1035 382 1076 τὸ
409 1038 497 1076 ΑΔ
523 1032 662 1076 δοθὲν
687 1035 740 1076 τὰ
764 1024 806 1089 β,
837 1034 886 1076 τὸ
916 1034 1073 1076 λοιπὸν
1103 1033 1152 1075 τὸ
1180 1035 1268 1074 AB
1300 1032 1354 1074 τὰ
1378 1033 1405 1086 ἢ

49 1106 159 1161 πρὸς
174 1106 224 1147 τὸ
239 1107 328 1147 ΒΓ
340 1106 393 1147 τά
407 1106 434 1160 ἧ
454 1107 589 1159 λόγον
603 1107 690 1160 ἔχει
704 1104 915 1147 δοθέντα·
936 1105 1015 1147 τὸν
1028 1104 1112 1159 γὰρ
1129 1108 1239 1146 ἴσον.
1270 1102 1406 1145 πάλιν

50 1177 390 1232 συναμφότερον
408 1176 458 1218 τὸ
478 1179 521 1217 A
531 1178 573 1217 Γ
590 1181 670 1217 τοῦ
690 1176 828 1218 αὐτοῦ
848 1180 928 1217 τοῦ
949 1177 1028 1217 ΓΒ
1057 1173 1238 1216 δοθέντι
1257 1175 1404 1229 μεῖζον
1431 1181 1476 1213 15

20 1290 21 1294 ,
53 1246 205 1301 ἔστωῆ
227 1246 273 1289 ἐν
294 1248 428 1304 λόγῳ·
453 1245 527 1288 καὶ
547 1248 656 1288 ἔστω
677 1247 726 1289 τὸ
741 1244 880 1289 δοθὲν
893 1248 1040 1302 μεῖζον
1053 1251 1132 1287 τοῦ
1147 1248 1233 1287 ΑΒ
1254 1245 1303 1287 τὸ
1317 1248 1410 1286 ΑΕ

49 1316 124 1360 καὶ
155 1319 263 1359 ἔστω
298 1318 354 1359 ιδ.
417 1316 495 1359 ἐὰν
532 1315 615 1360 οὖν
647 1318 776 1367 ὄντος
811 1315 917 1359 καθ’
951 1316 1172 1359 ὑπόθεσιν
1209 1322 1288 1358 τοῦ
1320 1319 1363 1358 A
1371 1317 1414 1358 Γ

51 1383 148 1431 οἷον
180 1405 244 1443 ιη,
275 1393 355 1430 τοῦ
387 1385 436 1430 δε
468 1390 558 1430 ΒΓ
583 1382 680 1430 οἷον
711 1390 759 1443 ἦ,
792 1387 869 1430 ἐὰν
900 1387 986 1430 ἀπὸ
1018 1392 1097 1429 τοῦ
1129 1389 1225 1428 ΑΓ
1248 1391 1328 1428 τοῦ
1361 1403 1405 1441 ιη

52 1458 200 1514 ἀφέλω
234 1459 283 1501 τὸ
309 1462 402 1500 ΑΕ
429 1459 483 1500 τά
512 1450 579 1513 ιδ,
611 1460 660 1501 τὸ
693 1460 851 1501 λοιπὸν
881 1459 930 1501 τὸ
957 1460 1048 1500 ΕΓ
1071 1458 1125 1499 τὰ
1156 1447 1184 1499 δ
1215 1458 1326 1513 πρὸς
1356 1458 1405 1499 τὸ

18 1564 19 1567 ¹
52 1529 160 1572 αὐτὸ
186 1530 235 1572 τὸ
264 1532 344 1571 ΓΒ
375 1530 429 1571 τὰ
453 1546 480 1584 η
514 1532 648 1584 λόγον
679 1532 766 1585 ἔχει
792 1528 1033 1585 δεδομένον
1065 1529 1140 1571 διὰ
1165 1529 1214 1571 τὸ
1242 1528 1289 1571 ἐν
1314 1535 1406 1579 τοῖς
1432 1537 1479 1568 20

16 1656 19 1678 ;
145 1643 176 1674 1.
209 1639 320 1685 λόγον
348 1639 422 1686 ἔχει
448 1638 669 1686 δεδομένον]
704 1637 870 1675 δοθέντα
896 1639 1008 1685 λόγον
1036 1639 1110 1686 ἔχει
1134 1638 1260 1674 Ambr.
1373 1643 1405 1675 2.

18 1734 21 1745 ἱ
52 1696 222 1752 δοθέντι]
250 1709 320 1734 om.
341 1709 371 1734 e.
454 1702 487 1734 4
514 1699 554 1734 τὸ
581 1691 619 1746 β]
645 1699 686 1734 τὸ
712 1702 788 1743 AA,
809 1711 829 1744 μ
854 1698 980 1734 Ambr.
1068 1702 1099 1733 5.
1129 1712 1140 1733 ι
1130 1691 1250 1744 η]ἶδ
1278 1698 1405 1733 Ambr.

52 1745 157 1791 (item
184 1745 249 1781 lm.
277 1748 328 1791 6),
367 1759 390 1790 ⁷1
417 1757 446 1781 ο.
569 1751 600 1782 6.
633 1747 722 1792 τῶν]
755 1745 838 1790 ἤτοι
862 1751 935 1781 τῶν
960 1745 1087 1781 Ambr
1211 1743 1406 1790 ἀφέλωμεν

50 1822 175 1857 Ambr.
250 1820 312 1868 τά]
338 1821 421 1866 ἤτοι
434 1835 481 1857 τοι
501 1823 640 1867 Ambr.,
667 1822 759 1858 item
777 1821 842 1858 lin
860 1826 879 1856 7
899 1823 973 1857 ufir.
1048 1814 1086 1868 β]
1116 1835 1135 1868 μ
1161 1821 1300 1867 Ambr.
1326 1800 1348 1868 β
1376 1833 1405 1857 σ.

100 1874 131 1905 7.
157 1869 285 1916 λόγον]
313 1868 399 1905 ὅλον
423 1870 463 1905 Ρ.
548 1871 645 1916 9.ι“]
672 1882 706 1904 ιο
731 1869 857 1904 Ambr.
868 1881 898 1914 6,
924 1869 1017 1904 item
1041 1868 1106 1904 lin.
1130 1873 1184 1914 11,
1213 1873 1267 1904 13.
1350 1872 1404 1905 10.

51 1952 91 1998 ἢ]
119 1943 150 1986 δ
166 1951 305 1996 Ambr.,
338 1953 362 1987 δ
387 1963 423 1996 σς
455 1951 547 1987 item
572 1951 636 1987 lin.
665 1955 719 1987 11.
819 1956 874 1987 13.
900 1952 942 1987 τὸ
968 1955 1032 1987 ΑΔ
1058 1950 1193 1998 δοθέν]
1221 1949 1340 1987 δοθεν
1364 1951 1407 1987 τὸ

2 2009 116 2070 ζΑΔ
139 2034 305 2069 Ambm
411 2013 545 2094 [ῆξσ
524 2035 665 2094 σφω.
689 2036 733 2080 1)
832 2035 871 2081 ἢ]
898 2009 971 2080 ἒσ,
997 2034 1172 2069 itemnn.
1195 2037 1250 2070 14
1350 2037 1405 2070 14

0 2084 20 2096 '²
51 2081 133 2128 τόν]
165 2081 206 2116 τό
237 2081 262 2116 l.
383 2082 423 2117 τὸ
427 2096 449 2117 ν
479 2081 550 2127 γὰρ
583 2081 679 2128 ἴσον]
710 2081 776 2117 τὸν
807 2087 872 2127 τῆς
903 2081 1070 2127 ἰσότητος
1102 2081 1246 2127 δηλαδή
1277 2081 1404 2117 Ambr.

1 2162 4 2163 γ
100 2140 192 2175 Post
224 2139 305 2176 ἴσον
337 2139 406 2176 lac.
434 2140 544 2175 unius
570 2140 644 2175 litt.
671 2142 818 2186 (comp.)
845 2140 931 2175 hab.
958 2141 1044 2176 Vass.
1053 2141 1088 2176 S.
1230 2134 1380 2187 ῐῖδ]ι

0 2185 15 2228 ΥῘ
53 2187 191 2245 Ambr.,
219 2185 283 2236 ιδξ
311 2199 349 2232 σς
376 2187 467 2223 item
486 2187 627 2223 lin.19.
714 2191 767 2223 18.
797 2186 880 2234 ἐάν]
908 2186 972 2223 καί
997 2187 1123 2223 Ambr.
1196 2193 1261 2223 τοῦ
1277 2189 1388 2233 (tert.)

52 2246 117 2270 τον
130 2234 153 2269 l
222 2240 287 2270 τοῦ
303 2235 357 2282 ιη]
372 2246 442 2271 om.
454 2235 540 2271 Vat.
549 2234 676 2271 Ambr.
686 2234 775 2270 σεδ.
847 2239 900 2270 19.
914 2234 1095 2282 102⁵(pr.)]
1080 2234 1163 2279 η’τοι
1175 2234 1222 2270 τά
1235 2235 1361 2270 Ambr.
1370 2235 1405 2270 S.

99 2320 155 2352 20.
181 2317 221 2363 ἢ]
248 2292 271 2352 3(
296 2328 326 2353 a.
