1520 2508
143 101 228 142 146
672 101 938 144 AEAOMENA.

233 197 340 237 ἔστω
377 195 458 236 δύο
494 196 685 250 τρίγωνα
721 195 774 236 τὰ
809 196 958 248 ΑΒΓ,
988 197 1121 235 ΔΕΖ
1162 195 1270 249 πρὸς
1307 195 1413 248 ἄλλη

146 267 277 317 λόγον
297 266 448 318 ἔχοντα
468 263 719 318 δεδομένον,
742 262 814 305 καὶ
833 261 1026 306 ἔστωσαν
1050 264 1098 305 αἱ
1119 264 1228 319 πρὸς
1245 271 1336 312 τοῖς
1354 267 1409 317 A,
1465 303 1469 306 Α
1503 272 1514 316 ι’Ἰ

144 335 300 387 γωνίαι
335 334 430 386 ἤτοι
468 337 558 375 ἴσαι
594 332 621 387 ἢ
658 334 802 375 ἄνισοι
837 331 934 387 μέν,
970 331 1198 387 δεδομέναι
1234 331 1302 374 δέ·
1346 331 1471 386 λέγωζ

148 402 214 444 ὅτι
247 401 366 445 ἐστὶν
397 402 455 451 ὡς
484 402 510 456 ἡ
542 405 628 444 ΑΒ
658 403 767 458 πρὸς
795 403 875 456 τὴν
898 406 1000 457 ΔΕ,
1031 402 1168 451 οὕτως
1197 401 1224 455 ἡ
1248 405 1335 443 ΔΖ
1365 415 1422 456 πρ
1508 431 1520 468 Ἰ.-

101 479 120 510 5
146 471 202 525 ἣν
232 471 258 525 ἡ
289 473 381 513 ΑΓ
405 473 537 524 λόγον
568 473 652 525 ἔχει
683 470 929 525 δεδομένον.
1472 466 1475 469 Ὗ

234 541 623 597 συμπεπληρώσθω
643 541 725 596 γὰρ
744 541 796 582 τὰ
814 543 915 594 ΑΗ,
927 544 971 582 Δ
981 543 1018 582 Θ
1035 542 1458 596 παραλληλόγραμμα
1476 598 1479 599 γ
1513 547 1520 588 ἐ

234 609 306 652 καὶ
344 609 434 652 ἐπεὶ
471 612 598 663 λόγος
632 609 722 652 ἐστὶ
752 616 830 651 τοῦ
860 612 998 651 ΑΒΓ
1026 611 1242 665 τριγώνου
1278 610 1387 665 πρὸς
1422 608 1485 664 τὸῖ

146 683 237 722 ΛΕ
246 683 281 721 Ζ
311 682 527 735 τρίγωνον
559 680 727 733 δοθείς,
760 681 887 733 λόγος
916 681 1000 735 ἄρα
1029 678 1101 721 καὶ
1131 685 1210 720 τοῦ
1240 682 1341 720 ΑΗ
1364 665 1491 734 παρ-ξ

151 749 513 805 αλληλογράμμου
552 750 661 804 πρὸς
702 750 750 791 τὸ
786 753 829 790 Δ
839 752 876 790 Θ
916 751 1364 804 παραλληλόγραμμον
1402 742 1491 794 δο-’ῗ

79 826 123 857 10
147 820 256 867 θείς.
323 817 413 860 ἐπεὶ
450 815 531 860 οὗν
568 819 649 859 δύο
685 820 1108 874 παραλληλόγραμμα
1150 819 1202 859 τὰ
1238 820 1353 871 ΑΗ,
1383 808 1492 859 A&v

147 889 256 943 πρὸς
292 889 454 941 ἄλληλα
490 889 623 940 λόγον
659 889 744 941 ἔχει
778 886 1012 941 δεδομένον
1042 888 1137 940 ἤτοι
1169 887 1216 928 ἐν
1247 891 1360 936 ἴσαις
1390 878 1491 940 yso?

148 959 263 1006 νίαις
289 956 314 1010 ἢ
341 956 507 1005 ἀνίσοις
532 955 624 1010 μέν,
650 956 901 1010 δεδομέναις
926 955 986 1010 δέ,
1011 958 1128 998 ἔστιν
1153 957 1236 1011 ἄρα
1255 956 1313 1005 ὡς
1339 954 1364 1009 ἡ
1387 959 1472 997 ΑΒ

149 1027 261 1082 πρὸς
284 1026 364 1080 τὴν
387 1029 488 1079 ΔΕ,
519 1026 658 1075 οὕτως
681 1025 707 1078 ἡ
732 1029 819 1066 ΔΖ
849 1027 957 1080 πρὸς
980 1025 1035 1078 ἣν
1060 1025 1085 1078 ἡ
1112 1027 1203 1067 ΑΓ
1228 1027 1360 1078 λόγον
1390 1027 1474 1079 ἔχει

151 1093 352 1137 δοθέντα.

71 1160 125 1209 Δ15
774 1151 853 1196 ος’.

238 1232 337 1275 Ἐὰν
362 1234 578 1289 τριγώνου
604 1232 839 1287 δεδομένου
863 1239 923 1289 τῷ
949 1234 1054 1275 εἴδει
1079 1234 1161 1275 ἀπὸ
1183 1239 1258 1287 τῆς
1281 1238 1476 1288 κορυφῆς

154 1301 224 1344 ἐπὶ
262 1303 342 1356 τὴν
380 1303 512 1356 βάσιν
552 1303 737 1351 κάθετος
779 1301 914 1357 ἀχθῇ,
956 1302 983 1355 ἡ
1027 1302 1209 1357 ἀχθεῖσα
1248 1303 1357 1358 πρὸς
1397 1303 1502 1356 τὴν»

151 1371 284 1425 βάσιν
315 1373 447 1425 λόγον
477 1374 562 1426 ἔχει
593 1371 841 1426 δεδομένον.

242 1443 349 1483 ἔστω
386 1443 602 1523 τρίγωνον
639 1439 874 1495 δεδομένον
1177 1431 1215 1466 Α

83 1517 129 1549 20
153 1515 212 1566 τῷ
245 1510 351 1551 εἴδει
383 1510 431 1551 τὸ
462 1512 605 1564 ΑΒΓ,
646 1509 718 1551 καὶ
749 1511 872 1564 ἤχθω
1050 1474 1378 1665 AN

153 1578 237 1620 ἀπὸ
252 1584 330 1620 τοῦ
343 1582 385 1620 Α
404 1577 473 1620 ἐπὶ
491 1579 571 1633 τὴν
589 1581 626 1620 Β
637 1581 678 1620 Γ
689 1579 872 1628 καθετος

154 1648 180 1701 ἡ
212 1651 321 1689 ΑΔ·
364 1646 493 1701 λέγω,
525 1647 590 1689 ὅτι
625 1649 752 1701 λόγος
783 1646 874 1689 ἐστὶ
947 1625 1461 1716 ΒΔ--μ--ΧΓ
1514 1685 1520 1698 2

153 1722 230 1771 τῆς
254 1721 339 1758 ΑΔ
368 1718 476 1802 πρὸς
500 1718 579 1771 τὴν
601 1719 690 1758 ΒΓ
713 1717 873 1765 δοθείς.
1517 1710 1520 1745 3

244 1785 334 1828 ἐπεὶ
364 1786 446 1841 γάρ
479 1785 651 1827 δέδοται
681 1786 729 1827 τὸ
761 1788 898 1827 ΑΒΓ
921 1788 1135 1841 τρίγωνον
1166 1790 1224 1841 τῷ
1256 1784 1374 1837 εἴδει,
1405 1784 1477 1824 δο-
1516 1807 1520 1811 ’

85 1862 130 1894 25
154 1860 285 1898 θεῖσα
317 1856 401 1911 ἄρα
433 1854 522 1897 ἐστὶ
559 1854 630 1896 καὶ
661 1855 686 1908 ἡ
717 1854 802 1896 ὑπὸ
833 1857 964 1896 ΑΒΔ
1000 1856 1149 1907 γωνία.
1209 1855 1297 1895 ἔστι
1329 1850 1376 1894 δὲ
1406 1850 1478 1893 καὶ
1514 1788 1520 1907 Ξ

250 2008 280 2038 2.
315 2003 460 2049 ἔχοντα]
487 2001 666 2062 ἐχέτωσαν
691 2003 725 2038 b.
845 2002 899 2048 αἱ]
926 2013 994 2037 om.
1022 2002 1056 2036 b.
1177 2004 1208 2036 4
1241 2001 1321 2047 ΑΒ]
1347 2003 1419 2035 ΑΓ
1438 2000 1477 2035 P.
1512 1995 1520 2047 ξ

202 2051 297 2096 ΔΕ]
325 2052 394 2084 ΒΕ
417 2050 452 2084 b.
538 2054 570 2085 ὅ.
596 2048 643 2093 ἣν
668 2049 707 2130 ἡέ
731 2049 798 2093 τήν
821 2049 856 2083 b
942 2052 972 2083 6.
1000 2048 1092 2106 ΔΘ]
1116 2049 1189 2082 ΛΕ
1214 2047 1247 2082 b.
1332 2050 1363 2081 8.
1389 2046 1479 2081 Post
1514 2051 1520 2087 ².

155 2095 333 2141 τρίγωνον
365 2095 448 2130 add.
478 2094 580 2130 ἔστω·
608 2095 640 2130 εἰ
663 2097 686 2130 δ
731 2095 750 2130 ὁ
780 2095 814 2130 b
924 2098 977 2128 12.
991 2094 1042 2152 ἥ]
1069 2107 1150 2138 ητοι
1174 2092 1276 2137 Vah,
1308 2104 1381 2127 -τοι
1407 2091 1476 2127 del.

156 2154 202 2177 m.
230 2146 261 2178 2.
359 2141 398 2177 ἐν
424 2140 566 2182 ἀνίσοις
590 2141 624 2176 b.
741 2145 794 2176 13
820 2140 866 2185 ἣν
891 2141 930 2186 ἡ]
955 2140 1022 2184 τήν
1048 2108 1091 2175 bn
1198 2142 1251 2174 18.
1268 2121 1478 2183 δεδομένον
1508 2157 1520 2168 -

156 2191 205 2235 τῷ
232 2187 322 2223 εἴδει
346 2187 381 2223 b.
467 2191 521 2223 19.
556 2187 642 2222 ἔστω
671 2208 709 2214 -
738 2191 792 2222 20.
819 2186 923 2232 εἴδει]
950 2198 1018 2221 om.
1045 2186 1079 2221 b.
1167 2189 1221 2220 22.
1247 2185 1343 2220 Ante
1367 2185 1390 2229 ἡ
1415 2188 1479 2219 ΑΔ

158 2223 242 2269 add.
268 2230 376 2279 ἦκται
400 2234 434 2268 b.
555 2233 676 2279 λόγος]
704 2232 874 2279 ἡμίλογός
898 2233 931 2267 b.
1053 2236 1107 2267 25.
1141 2231 1213 2267 ἐστὶ
1237 2229 1315 2277 καί]
1347 2241 1416 2265 om.
1442 2230 1476 2264 b.

205 2281 319 2326 ΑΒΔ]
345 2286 416 2315 τῶν
441 2283 539 2315 ΑΔΒ
564 2280 599 2316 b.
