1520 2508
169 95 230 137 40
320 118 324 122 .
387 82 389 85 ⁴
698 97 1005 133 ΔΕΔΟΜΕΝΑ..

791 217 844 243 κα
865 234 873 243 .
1035 222 1038 224 ·
1360 238 1366 242 Γ
1474 204 1514 250 ἵ,

257 275 359 318 Ἐὰν
390 273 417 332 ᾗ
449 277 529 318 δύο
560 275 720 331 μεγέθη
753 276 972 331 δεδομένα,
1003 276 1074 319 καὶ
1100 282 1318 333 προστεθῇ
1344 256 1511 337 αὐτοϊᾷξῗ

172 344 335 416 μεγέθη
366 346 475 400 πρὸς
504 347 666 399 ἄλληλα
697 347 828 399 λόγον
864 347 1295 403 ἔχονταδεδομένον,
1331 348 1382 389 τὰ
1412 338 1482 391 ὅλ
1508 350 1515 372 ²

120 409 127 417 ⁸
172 414 283 470 πρὸς
319 415 482 467 ἄλληλα
518 415 612 468 ἤτοι
649 417 780 469 λόγον
816 414 900 466 ἕξει
936 414 1168 470 δεδομένον
1205 415 1231 470 ἢ
1267 417 1315 458 τὸ
1345 415 1436 473 ἔτερ
1504 420 1507 425 “

130 495 150 524 5
180 490 260 526 τοῦ
282 482 440 539 ἑτέρου
471 483 649 526 δοθέντι
679 486 821 538 μεῖζόν
852 483 968 527 ἐστιν
998 484 1024 538 ἢ
1055 484 1102 526 ἐν
1131 486 1255 542 λόγω.
1502 480 1510 495 ²

264 555 371 595 ἔστω
404 554 484 594 δύο
515 552 690 608 μεγέθη
708 553 915 608 δεδομένα
945 554 997 595 τὰ
1021 556 1120 608 ΑΒ,
1147 556 1237 608 ΓΔ,
1266 553 1338 596 καὶ
1361 565 1471 609 προσ
1502 538 1513 605 ff

176 625 339 664 κείσθω
371 623 519 672 αὐτοῖς
548 622 710 677 μεγέθη
741 624 793 664 τὰ
816 627 915 677 ΑΕ,
942 625 1021 664 ΓΖ
1052 625 1183 677 λόγον
1213 625 1363 678 ἔχοντα
1386 625 1468 679 πρὸ
1507 614 1518 683 J·

177 693 341 746 ἄλληλα
373 691 623 747 δεδομένον·
655 691 779 746 λέγω,
809 693 874 734 ὅτι
903 693 955 734 τὰ
986 693 1064 734 ὅλα
1087 693 1139 734 τὰ
1163 695 1259 747 ΕΒ,
1279 696 1358 734 ZA
1386 679 1519 748 πρὸ’”ξ

177 762 343 815 ἄλληλα
379 763 474 816 ἤτοι
511 763 642 815 λόγον
677 761 759 811 εξει
795 761 1048 816 δεδομένον,
1089 778 1116 815 η
1151 763 1199 804 τὸ
1236 761 1382 817 ἕτερον
1416 757 1520 814 roffi}

26 864 29 868 .
106 840 151 871 10
175 829 324 886 ἑτέρου
356 831 534 873 δοθεντι
564 832 706 885 μεῖζόν
736 830 852 873 ἐστιν
883 831 908 885 ἢ
940 831 986 873 έν
1016 834 1141 887 λ’όγῳ.
1486 817 1500 904 Ξ

266 899 356 942 ἐπεὶ
382 902 463 955 γὰρ
490 899 626 942 δοθέν
651 900 767 942 ἐστιν
793 899 992 956 ἑκάτερον
1018 908 1104 943 τῶν
1129 903 1227 955 ΑΒ,
1247 903 1339 954 ΓΛ,
1369 871 1509 965 λόγοῆ

176 971 260 1025 ἄρα
290 976 369 1012 τοῦ
399 973 485 1011 ΑΒ
515 971 624 1025 πρὸς
652 971 700 1012 τὸ
733 972 811 1011 ΓΔ
841 964 1000 1020 δοθείς,

264 1038 337 1081 καὶ
367 1040 408 1080 εἰ
435 1036 515 1093 μὲν
545 1039 567 1081 ὁ
599 1039 728 1088 αὐτός
759 1038 846 1081 ἐστι
877 1046 935 1095 τῷ
967 1045 1044 1080 τοῦ
1070 1043 1155 1081 ΕΑ
1185 1041 1292 1094 πρὸς
1322 1041 1369 1081 τὸ
1403 1029 1520 1098 I‘Zffp‘¹⁴

177 1111 297 1151 ἔσται
320 1107 392 1150 καὶ
417 1109 522 1151 ὅλου
547 1115 624 1150 τοῦ
644 1112 726 1150 ΕΒ
757 1110 864 1164 πρὸς
888 1109 992 1151 ὅλον
1015 1111 1062 1150 τὸ
1084 1113 1162 1151 ZA
1186 1111 1312 1163 λόγος
1337 1078 1520 1160 ‹5033113⁵22⁴

111 1189 154 1219 15
267 1179 308 1220 εἰ
336 1176 383 1220 δὲ
415 1179 486 1232 οὔ,
524 1179 776 1231 πεποιησθω
809 1178 866 1227 ὡς
895 1179 943 1220 τὸ
975 1182 1064 1220 ΑΕ
1089 1180 1197 1234 πρὸς
1228 1181 1327 1234 ΓΖ,
1363 1162 1520 1242 offane}

179 1249 228 1290 τὸ
260 1250 352 1289 HA
381 1249 490 1302 πρὸς
518 1249 566 1290 τὸ
598 1250 694 1289 ΓΔ·
725 1249 853 1300 λόγος
882 1249 965 1303 ἄρα
995 1254 1072 1289 τοῦ
1099 1251 1184 1290 HA
1213 1250 1321 1303 πρὸς
1347 1250 1395 1290 τὸ
1421 1234 1520 1322 TA}-

180 1318 343 1367 δοθείς.
394 1315 536 1359 δοθεν
554 1315 601 1358 δε
625 1318 673 1358 τὸ
694 1319 735 1358 Γ
731 1321 791 1358 A
822 1315 957 1358 δοθὲν
987 1318 1070 1373 ἄρα
1099 1316 1171 1359 καὶ
1194 1318 1242 1359 τὸ
1264 1320 1364 1360 HA.
1412 1304 1520 1401 ἕστιὲ

184 1384 233 1428 δὲ
263 1385 336 1428 καὶ
365 1388 414 1428 τὸ
445 1389 530 1428 ΑΒ
568 1385 719 1428 δοθέν·
761 1385 833 1428 καὶ
864 1387 1016 1428 λοιπὸν
1049 1387 1131 1441 ἄρα
1161 1387 1209 1428 τὸ
1240 1389 1328 1428 ΗΒ
1366 1386 1514 1439 δοθένῇ

97 1465 105 1473 “
181 1456 310 1498 ἐστιν.
370 1455 443 1497 καὶ
474 1455 567 1498 ἐπεί
594 1455 710 1497 ἐστιν
741 1455 799 1505 ὡς
829 1456 876 1497 τὸ
908 1459 994 1497 ΕΑ
1023 1457 1132 1510 πρὸς
1163 1458 1255 1509 ΖΓ,
1285 1457 1422 1506 οὕτως
1451 1445 1520 1499 rb?

108 1535 155 1567 20
179 1528 280 1567 ΑΗ
304 1526 414 1581 πρὸς
437 1526 485 1567 τὸ
512 1527 604 1579 ΓΔ,
634 1523 705 1566 καὶ
730 1525 833 1567 ὅλου
864 1531 942 1566 τοῦ
967 1528 1065 1566 ΕΗ
1089 1526 1197 1579 πρὸς
1218 1526 1324 1567 ὅλον
1342 1527 1395 1567 τὸ
1422 1527 1520 1567 ΖΔ

183 1589 313 1649 λόγος
351 1594 440 1637 ἐστὶ
477 1595 636 1644 δοθείς.
709 1593 779 1636 καὶ
816 1592 950 1636 δοθὲν
986 1595 1034 1635 τὸ
1065 1596 1172 1635 ΗΒ·
1221 1596 1269 1636 τὸ
1299 1597 1380 1636 ΕΒ
1419 1595 1520 1684 ἄραξε),

185 1671 264 1708 τοῦ
297 1668 377 1707 ZA
408 1663 585 1707 δοθέντι
614 1666 757 1719 μειζόν
788 1663 904 1705 ἐστιν
934 1680 959 1717 η
991 1663 1037 1705 ἐν
1067 1665 1192 1720 λόγω.

802 1772 827 1797 κ
1516 1790 1520 1791 ⁷

266 1807 367 1875 Ἐὰν
379 1833 459 1877 δύο
473 1831 634 1887 μεγέθη
653 1832 770 1887 πρός
778 1847 818 1873 τι
828 1755 1014 1885 ἰέγεθος
1026 1833 1186 1884 λόγον’
1170 1834 1242 1886 ε’χῃ
1257 1830 1508 1885 δεδομένον,

115 1912 159 1943 25
184 1902 256 1945 καὶ
275 1904 322 1944 τὸ
343 1904 674 1957 συναμφότερον
691 1902 799 1957 πρὸς
818 1901 865 1942 τὸ
885 1901 989 1942 αὐτὸ
1009 1902 1140 1954 λόγον
1158 1899 1238 1950 ἔξει
1258 1899 1520 1955 δεδομενον,

277 2009 309 2040 3.
337 2005 446 2050 λόγον
469 2004 597 2050 ἔχοντα
616 2003 707 2047 πρὸς
726 1983 859 2048 ἄλληλα
884 2004 916 2049 β.
1001 2007 1031 2036 4.
1060 2002 1131 2059 &gu
1156 2004 1188 2048 β.
1269 2006 1298 2037 7.
1324 2006 1352 2037 Α
1361 2003 1413 2049 Ε]
1438 2003 1520 2042 ABR·

187 2053 285 2096 Vah,
317 2063 406 2086 corr.
432 2063 479 2086 m.
506 2055 538 2085 2.
635 2054 665 2085 9.
695 2049 731 2095 ἔχ
734 2062 766 2084 ει
790 2061 822 2085 a.
919 2053 972 2083 10
999 2050 1164 2095 δοθεντι]
1190 2047 1306 2084 δοθέν
1330 2060 1363 2084 a
1447 2051 1520 2095 13..

184 2101 255 2133 ΑΕ
274 2110 306 2133 a.
383 2101 453 2133 ΖΓ
473 2108 505 2132 a.
585 2100 638 2132 14.
668 2097 744 2143 ΖΔ]
773 2098 835 2130 ΖΑ
856 2094 986 2139 PVat.‚
1015 2106 1102 2130 corr.
1122 2107 1168 2129 m.
1182 2099 1209 2129 2
1229 2095 1312 2130 Vat.
1384 2093 1518 2145 λόγος]ἱῇ

185 2156 255 2180 om.
283 2156 316 2180 a.
407 2148 460 2180 15.
488 2146 555 2179 EA
579 2143 671 2187 πρὸς
694 2143 734 2178 τὸ
763 2145 832 2178 ΖΓ
852 2152 884 2176 a.
975 2145 1028 2176 16.
1055 2142 1116 2177 καὶ
1141 2146 1205 2176 τοῦ
1229 2144 1306 2176 ΑΗ
1326 2152 1358 2176 a.
1447 2143 1520 2175 17

183 2194 261 2226 AH
278 2202 340 2225 va.
416 2191 510 2225 ἔστιν
529 2202 562 2224 v.
637 2193 690 2224 19.
707 2189 785 2224 ἐστι
798 2187 928 2233 (priore
942 2187 1036 2232 loeo)
1056 2187 1160 2223 codd.
1231 2186 1344 2223 καί-
1353 2191 1407 2222 20.
1424 2175 1520 2237 ΓΔΕ

185 2249 256 2273 om.
283 2249 315 2272 a.
403 2241 456 2271 19.
483 2237 522 2271 τὸ
552 2239 622 2271 ΖΓ
646 2236 731 2270 Vat.
822 2237 875 2269 20.
901 2234 941 2269 τό
955 2235 1049 2280 (pr.)]
1075 2245 1144 2269 om.
1164 2246 1196 2268 v.
1280 2237 1334 2268 21.
1356 2231 1450 2268 ἐστίν
1468 2243 1514 2267 v.

233 2287 287 2318 24.
306 2283 377 2330 ἔχει
390 2295 423 2327 v,
439 2283 502 2318 sed
517 2282 580 2317 alt..
597 2294 612 2317 ε
626 2293 716 2317 eras.
777 2284 831 2316 25.
845 2280 885 2315 τό
900 2281 994 2326 (pr.)]
1010 2291 1077 2315 om.
1088 2282 1119 2326 β.
1179 2279 1333 2326 26(a1t)]
1348 2291 1415 2314 om.
1419 2279 1502 2314 Vat
