1520 2508
88 168 89 171 Ἴ
161 111 248 153 200
607 139 611 142 .
701 108 948 146 APPENDIX.

98 927 141 958 10

82 1207 85 1209 ·
167 1202 227 1253 τῷ
259 1197 382 1238 εἴδει·
415 1196 598 1251 δοθεῖσα
629 1196 712 1250 ἄρα
743 1194 860 1237 ἐστὶν
891 1195 917 1250 ἡ
947 1195 1033 1237 ὑπὸ
1064 1202 1152 1237 τῶν
1183 1197 1320 1236 ΑΒΓ
1343 1195 1491 1247 γωνία.

100 1274 143 1304 15

134 1448 137 1452 ,
169 1405 387 1458 τρίγωνον
416 1409 475 1459 τῷ
507 1404 623 1444 εἴδει.

162 212 250 248 τῶν
284 208 333 258 Θ,
358 207 403 246 Κ
430 207 629 259 σημείων.
684 206 774 247 ἐστι
806 202 852 247 δὲ
876 204 948 247 καὶ
977 206 1026 247 τὸ
1051 209 1092 247 Ε
1120 204 1272 248 δοθέν·
1303 206 1485 249 δοθεῖσα

164 275 247 330 ἄρα
279 263 396 316 ἐστὶν
427 273 602 329 ἑκατέρα
631 282 719 316 τῶν
754 277 849 328 ΘΕ,
870 270 980 316 ΛΕῚ(
1011 277 1138 328 λόγος
1162 276 1257 330 ἄρα
1293 281 1366 329 τῆς
1392 278 1442 317 -Θ
1478 320 1483 329 ,μ

162 344 272 397 πρὸς
295 345 386 385 ΕΚ
408 343 574 392 δοθείς·
600 343 658 392 ὡς
689 341 736 384 δὲ
766 337 792 396 ἡ
822 346 906 385 ΘΕ
932 345 1039 399 πρὸς
1063 345 1143 398 τὴν
1168 346 1268 398 ΕΚ,
1299 344 1436 393 οὕτως
1480 339 1483 357 ³

164 414 258 453 HE
278 412 387 467 πρὸς
405 415 505 453 ΕΖ·
531 413 699 466 λόγος’
683 414 771 467 ἄρα
791 412 863 454 καὶ
886 419 961 467 τῆς
979 415 1073 454 ΗΕ
1094 414 1202 467 πρὸς
1220 416 1303 454 ΕΖ
1329 413 1487 462 δοθείς.

642 619 711 660 Ad
740 551 857 674 pro}
889 619 1017 661 XLV.

720 698 922 749 Ἀλλως.
1371 650 1374 653 Δ
1494 665 1520 754 ξ

250 748 549 835 Ἐκβεβλήσθω
574 779 601 833 ἡ
626 759 708 822 BA
739 779 804 826 ἐπ’
833 781 1020 834 εὐθείας,
1045 779 1117 822 καὶ
1141 787 1192 835 τῇ
1218 784 1260 822 Α
1269 782 1310 822 Γ
1327 751 1506 862 κείσθωξ

168 854 258 904 ἴση,
298 849 370 891 καὶ
401 849 640 903 ἐπεζεύχθω
671 849 697 902 ἡ
728 853 771 891 Δ
780 852 824 891 Γ
885 848 956 891 καὶ
987 848 1078 891 ἐπεὶ
1108 851 1234 902 λόγος
1268 848 1357 891 ἐστὶ
1388 859 1507 891 &vv-¹

167 918 414 979 αμφοτέρου
444 925 534 974 ,τῆς
571 914 703 960 ΒΑΓ
739 919 848 974 πρὸς
890 920 970 973 τὴν
1008 921 1086 960 ΓΒ
1127 919 1295 972 δοθείς,
1338 922 1408 971 ἴση
1445 910 1504 964 δὲ]

166 987 192 1042 ἡ
226 990 304 1030 ΓΛ
334 995 387 1043 τῇ
418 991 523 1041 ΔΑ,
563 989 691 1040 λόγος
721 988 804 1043 ἄρα
835 993 910 1042 τῆς
939 990 1021 1028 ΒΔ
1056 989 1163 1043 πρὸς
1190 988 1273 1041 τὴν
1302 989 1392 1028 ΒΓ
1421 980 1503 1028 δο--μ

166 1060 280 1107 θείς·
310 1060 387 1099 καί
414 1057 505 1099 ἐστι
536 1057 718 1098 δοθεῖσα
749 1057 774 1110 ἡ
805 1056 890 1098 ὑπὸ
918 1063 1006 1098 τῶν
1031 1060 1116 1098 ΑΔ
1126 1058 1183 1098 Γ·
1216 1057 1386 1110 ἡμίσεια
1410 1055 1506 1111 γάρ

168 1127 258 1169 ἐστι
294 1133 369 1180 τῆς
404 1127 490 1168 ὑπὸ
522 1128 668 1168 ΒΑΓ·
713 1124 887 1167 δέδοται
923 1127 1007 1181 ἄρα
1037 1126 1085 1167 τὸ
1117 1127 1248 1167 ΒΔΓ
1279 1127 1493 1181 τρίγωνον

169 1267 258 1307 ἔστι
289 1263 337 1306 δὲ
367 1263 439 1324 agal
469 1265 495 1319 ἡ
526 1265 611 1307 ὑπὸ
642 1273 729 1307 τῶν
760 1267 891 1306 ΒΑΓ
915 1266 1114 1306 δοθεῖσα·
1148 1263 1220 1305 καὶ
1251 1265 1378 1317 λοιπὴ
1410 1264 1493 1318 ἄρα

169 1334 195 1387 ἡ
222 1334 307 1376 ὑπὸ
333 1342 420 1376 τῶν
445 1336 574 1375 ΑΓΒ
606 1334 789 1375 δοθεῖσά
815 1333 949 1375 ἐστιν·
981 1333 1154 1375 δέδοται
1184 1335 1267 1387 ἄρα
1292 1333 1339 1374 τὸ
1365 1333 1502 1373 ΑΒΓ

800 1518 866 1559 10.
1511 1475 1520 1574 ᾗ

635 1586 703 1627 Ad
733 1601 850 1640 prop.
883 1586 1033 1628 XLVI.
1511 1579 1520 1644 s}

725 1664 928 1715 ’Ἀλλως.
1514 1661 1520 1678 ¹

260 1749 437 1789 Κείσθω
468 1753 519 1802 τῇ
553 1749 630 1788 ΓΑ
668 1750 738 1799 ἴση
769 1746 796 1800 ἡ
826 1750 931 1799 ΔΑ,
967 1744 1039 1787 καὶ
1071 1744 1309 1799 ἐπεζεύχθω
1341 1745 1366 1799 ἡ
1398 1737 1520 1787 ΔΓ.

172 1814 262 1858 ἐπεὶ
294 1818 422 1869 λόγος
452 1814 541 1858 ἐστὶ
566 1814 898 1870 συναμφοτέρου
923 1820 998 1868 τῆς
1024 1817 1156 1855 ΒΑΓ
1178 1816 1286 1870 πρὸς
1310 1816 1389 1869 τὴν
1415 1817 1493 1856 ΓΒ
1516 1815 1520 1854 Ξ

141 1894 144 1897 ⁴
172 1886 337 1939 δοθείς,
370 1880 440 1939 ἴση
473 1883 520 1926 δὲ
551 1885 577 1939 ἡ
610 1887 687 1927 ΓΛ
718 1891 769 1940 τῇ
800 1887 898 1938 ΑΔ,
929 1885 1056 1936 λόγος
1087 1883 1170 1938 ἄρα
1200 1882 1271 1924 καὶ
1302 1889 1377 1937 τῆς
1407 1885 1493 1925 ΛΒ
1518 1883 1520 1889 ’

270 2014 300 2045 1.
335 2012 378 2054 Θ,
397 2013 434 2045 K
461 2008 634 2067 σημείων]
666 2013 711 2053 K,
733 2011 765 2045 Θ
795 2019 827 2043 a.
946 2006 1025 2054 και]
1051 2019 1118 2042 0111.
1145 2008 1246 2052 Vah,
1278 2008 1361 2043 add
1387 2019 1433 2043 m
1460 2012 1491 2043 2.

201 2058 394 2115 δοθεῖσα]
419 2055 523 2092 θέσει
548 2068 581 2091 a.
709 2059 739 2090 3.
767 2057 842 2090 ΕΚ
859 2056 923 2099 (pr
917 2055 995 2135 Ἠ
980 2056 1053 2089 ΚΕ
1078 2065 1110 2090 a.
1234 2057 1266 2089 4.
1293 2056 1362 2089 ΕΖ
1381 2056 1462 2098 (utr.
1465 2054 1493 2100 )]

170 2103 239 2148 τὴν
269 2105 338 2138 ΕΖ
363 2111 396 2138 a.
514 2100 592 2148 καί]
628 2114 696 2137 om.
722 2113 755 2136 v.
874 2104 905 2135 8.
956 2099 995 2134 π’
1025 2098 1189 2146 εὐθειας]
1215 2111 1283 2135 om.
1309 2100 1343 2135 b.
1518 2103 1520 2106 ⁴

171 2150 261 2184 Post
299 2148 356 2193 ἴση
395 2149 478 2183 add.
516 2149 538 2193 ἡ
568 2152 637 2183 ΑΔ
672 2148 707 2183 b.
826 2145 889 2183 καί
913 2146 1027 2202 (311ῑ.)]
1065 2146 1520 2205 0111.1).11.ΔΑ]Ι

173 2199 237 2230 ΑΔ
260 2195 294 2230 b.
410 2199 463 2229 12.
491 2194 633 2239 ἐστινη
621 2195 629 2206 ‘
659 2194 730 2229 ὑπὸ
755 2196 862 2228 ΑΔΓ
881 2191 995 2237 γωνία
1021 2193 1175 2227 δοθεῖσα
1201 2192 1235 2226 b.
1348 2192 1397 2237 ἡμ
1373 2191 1493 2236 μίσειοι

174 2245 285 2276 -13,
308 2241 435 2287 ΒΑΓ]
456 2252 525 2275 om.
540 2241 574 2275 b.
655 2245 707 2275 13.
734 2245 804 2275 τῶν
830 2242 938 2274 ΒΑΓ
956 2239 1053 2283 vat„
1078 2245 1149 2274 τῶν
1175 2237 1245 2273 del.
1266 2241 1490 2273 111.2.14,

175 2290 210 2322 Γ
235 2285 349 2332 γωνία
382 2307 423 2313 -
458 2291 510 2322 15.
543 2288 651 2334 δοθει
639 2287 721 2332 ἴσα]
758 2297 826 2320 0111.
858 2285 893 2320 b.
1034 2267 1085 2320 1⁹5.
1125 2284 1219 2330 ἄρα]
1258 2294 1326 2319 om.
1358 2284 1442 2319 Vat.
1458 2295 1490 2319 v.
