1520 2508
112 836 158 867 10

109 1205 156 1236 15

109 1575 156 1607 20

111 1921 157 1953 25

183 77 276 153 216
725 116 974 152 APPENDIX.
1454 0 1520 127 ἲ

1514 177 1520 197 ἒ

184 206 211 259 ἡ
247 206 332 248 ὑπὸ
364 209 504 248 ΑΗΖ
542 207 743 262 δοθεῖσα,
786 208 858 251 καὶ
898 212 1026 266 λοιπὴ
1064 213 1147 267 ἄρα
1183 212 1210 266 ἡ
1247 213 1332 255 ὑπὸ
1368 217 1462 256 HA

184 275 368 316 δοθεῖσα
405 275 540 317 ἐστιν·
584 275 757 319 δέδοται
799 280 883 335 ἄρα
924 281 972 322 τὸ
1011 284 1149 323 ΑΗΖ
1190 284 1406 337 τρίγωνον
1447 299 1500 337 τ,

184 344 306 384 εῖδει·
351 346 479 398 λόγος
510 346 593 401 ἄρα
624 345 715 388 ἐστὶ
745 353 820 402 τῆς
853 352 932 391 ΖΑ
966 352 1075 405 πρὸς
1105 352 1185 405 τὴν
1215 354 1315 393 AH
1347 353 1492 403 δοθείς

183 418 259 466 τῆς
289 410 338 454 δὲ
369 416 449 455 ZA
477 415 586 470 πρὸς
616 416 696 470 τὴν
728 419 812 459 ΓΕ
847 420 975 472 λόγος
1005 419 1095 462 ἐστὶ
1125 421 1290 470 δοθείς·
1333 420 1405 463 καὶ
1432 422 1511 495 τῆς]

183 484 285 523 AH
314 483 399 538 ἄρα
427 484 537 537 πρὸς
566 485 646 539 τὴν
678 487 762 527 ΓΕ
794 488 922 540 λόγος
958 487 1047 530 ἐστὶ
1083 490 1250 539 δοθείς·
1294 491 1400 532 ὥστε
1435 479 1520 548 aa&

184 556 263 592 τοῦ
305 551 391 593 ὑπὸ
434 560 522 594 τῶν
557 556 671 608 ΑΗ,
696 557 785 597 ΒΓ
818 558 926 612 πρὸς
967 558 1014 599 τὸ
1056 558 1142 600 ὑπὸ
1185 566 1271 601 τῶν
1308 561 1401 613 ΒΓ,
1427 561 1520 615 ΓΙῑΣῑΞ

183 621 312 673 λόγος
336 606 433 663 ἐστὶ
463 622 623 672 δοθείς.
666 629 744 665 τοῦ
775 622 823 666 δὲ
852 625 938 668 ὑπὸ
968 634 1056 668 τῶν
1079 630 1187 682 ΑΗ,
1212 631 1300 670 ΒΓ
1321 629 1429 684 πρὸς
1458 629 1520 682 vbj

182 691 322 731 ΑΒΓ
350 691 567 746 τρίγωνον
602 694 731 746 λόγος
766 693 856 736 ἐστὶ
887 695 1052 745 δοθείς·
1095 696 1167 738 καὶ
1197 703 1275 739 τοῦ
1304 698 1389 740 ὑπὸ
1420 704 1520 748 τῶνζ

183 761 278 813 ΒΓ,
304 761 433 801 I'E’
416 762 501 816 ἄρα
529 763 638 817 πρὸς
667 763 715 804 τὸ
747 766 884 805 ΑΒΓ
913 767 1128 820 τρίγωνον
1158 768 1286 820 λόγος
1317 766 1405 809 ἐστὶ
1436 759 1520 822 δο-;Ῐ

182 830 297 877 θεῖς’
330 831 407 870 καί
434 829 524 872 ἐστι
554 832 602 873 τὸ
632 831 717 874 ὑπὸ
749 840 836 875 τῶν
861 836 955 888 ΒΓ,
982 837 1076 889 ΓΕ,
1107 831 1141 892 ᾧ
1172 838 1315 890 μεῖζόν
1346 836 1434 878 ἐστι
1458 837 1517 878 τὸ

182 897 265 939 ἀπὸ
297 899 629 956 συναμφοτέρου
660 907 735 956 τῆς
760 905 892 944 ΒΑΓ
914 909 992 945 τοῦ
1024 904 1106 946 ἀπὸ
1132 911 1207 959 τῆς
1228 907 1332 947 ΒΓ·
1365 901 1399 962 ᾦ
1424 906 1520 960 ἄρα·

181 969 326 1021 μεῖζόν
357 967 447 1010 ἐστι
480 970 528 1010 τὸ
561 969 643 1012 ἀπὸ
675 971 1007 1027 συναμφοτέρου
1043 979 1118 1028 τῆς
1148 977 1279 1016 ΒΑΓ
1308 981 1386 1016 τοῦ
1423 974 1520 1026 ἀπὸξ

181 1042 258 1090 τῆς
293 1039 394 1091 ΒΓ,
438 1037 575 1080 ἐκεῖνο
604 1040 659 1081 ’τὸ
696 1042 858 1096 χωρίον
893 1043 1001 1098 πρὸς
1036 1044 1083 1084 τὸ
1121 1046 1336 1099 τρίγωνον
1373 1046 1520 1097 λόγονῑ

182 1107 268 1160 ἔχει
299 1105 545 1161 δεδομένον.
1517 1114 1520 1118 ’

812 1203 878 1244 16.

625 1269 693 1311 Ad
722 1285 841 1325 prop.
872 1271 1064 1315 LXVJII.

738 1350 940 1402 ’Ἀλλωςκ

265 1428 498 1471 Ἐκκείσθω
530 1430 738 1486 δεδομένη
769 1432 921 1475 εὐθεῖα
950 1433 976 1487 ἡ
1008 1437 1060 1476 Κ.

268 1496 340 1539 καὶ
371 1497 460 1540 ἐπεὶ
497 1501 625 1554 λόγος
662 1500 752 1543 ἐστὶ
787 1508 866 1543 τοῦ
897 1507 939 1544 Α
974 1504 1082 1558 πρὸς
1117 1505 1165 1546 τὸ
1197 1507 1234 1546 Β
1272 1506 1438 1560 δοθείς,
1481 1505 1518 1548 ὁ,

181 1566 312 1616 αὐτὸς
342 1567 459 1624 αὐτῷ
490 1568 700 1621 γεγονέτω
732 1570 755 1612 ὁ
786 1576 861 1625 τῆς
888 1574 934 1612 Κ
958 1573 1067 1628 πρὸς
1097 1574 1176 1627 τὴν
1200 1576 1252 1615 Λ.
1301 1576 1427 1627 λόγος
1458 1572 1520 1616 δὲ’·

179 1641 259 1677 τοῦ
279 1639 333 1678 Ἀ
361 1637 471 1692 πρὸς
500 1638 548 1679 τὸ
579 1641 616 1679 Β
648 1639 812 1688 δοθείς·
850 1642 978 1694 λόγος
1007 1642 1091 1697 ἄρα
1121 1641 1192 1683 καὶ
1223 1648 1297 1697 τῆς
1327 1646 1373 1684 Κ
1397 1644 1520 1700 πρὸς,

179 1706 261 1759 τὴν
286 1708 326 1746 Λ
351 1706 512 1756 δοθείς.
561 1707 743 1749 δοθεῖσα
774 1706 821 1750 δὲ
852 1709 878 1763 ἡ
903 1712 964 1750 Κ·
993 1710 1178 1753 δοθεῖσα
1202 1712 1285 1767 ἄρα
1309 1710 1381 1754 καὶ
1406 1713 1432 1766 ἡ
1452 1715 1505 1754 Λ.

180 1774 313 1817 πάλιν
351 1773 441 1817 ἐπεὶ
477 1777 605 1829 λόγος
639 1775 728 1819 ἐστὶ
760 1776 910 1828 δοθεὶς
940 1784 1015 1832 τῆς
1046 1781 1125 1820 ΓΔ
1160 1780 1269 1835 πρὸς
1298 1781 1378 1834 τὴν
1407 1784 1506 1835 ΕΖ,

181 1844 204 1886 ὁ
237 1844 367 1894 αὐτὸς
398 1845 514 1902 αὐτῷ
546 1845 756 1899 γεγονέτω
788 1846 811 1889 ὁ
842 1853 917 1902 τῆς
947 1850 991 1889 Κ
1023 1849 1132 1904 πρὸς
1162 1850 1240 1903 τὴν
1270 1852 1341 1891 Μ·
1379 1852 1520 1903 λόγος.

183 1914 267 1970 ἄρα
298 1912 370 1956 καὶ
400 1920 476 1969 τῆς
500 1917 545 1956 Κ
570 1916 679 1971 πρὸς
709 1917 788 1971 τὴν
819 1919 876 1958 Μ
900 1917 1064 1966 δοθείς·
1103 1919 1284 1960 δοθεῖσα
1314 1916 1362 1960 δὲ
1392 1919 1418 1972 ἡ
1443 1921 1506 1960 Κ·

276 2066 306 2097 1.
333 2063 461 2108 ΑΗΖ]
487 2065 601 2098 ΑΖΗ
622 2063 661 2107 Ρ,
686 2069 758 2099 mv
782 2067 893 2099 ΑΗΖ
917 2064 952 2099 b.
990 2066 1149 2111 ΗΑΖ]
1179 2068 1290 2101 ΖΑΗ
1310 2078 1343 2111 v,
1371 2069 1443 2102 ΗΖ
1467 2067 1504 2102 b.

226 2112 258 2143 4.
284 2109 348 2144 καὶ
365 2109 444 2155 τῆς]
469 2108 526 2143 bis
545 2121 569 2143 v
588 2109 639 2153 (in
659 2109 729 2144 fine
748 2111 786 2145 et
803 2110 910 2145 imtio
930 2110 1034 2156 folii)
1114 2116 1144 2146 5.
1171 2111 1259 2158 ἄρα]
1280 2123 1348 2148 om.
1363 2113 1397 2148 b.
1471 2118 1504 2150 6.

181 2155 263 2200 τοῦ]
290 2155 330 2189 τό
357 2155 395 2190 Ρ.
470 2161 535 2190 τοῦ
560 2155 648 2201 ὑπό]
675 2167 743 2191 om.
758 2156 854 2201 Vat„
880 2167 967 2192 corr.
989 2169 1035 2192 m.
1057 2161 1087 2192 2.
1166 2161 1293 2204 τῶνα)
1257 2159 1353 2205 (pn)]
1379 2165 1443 2194 τοῦ
1468 2159 1503 2194 b.

229 2202 319 2247 ΓΕ]
347 2203 378 2235 Ε
403 2201 437 2235 b.
535 2205 566 2236 9.
593 2204 670 2246 ΒΓ,
693 2203 781 2248 ΓΕ]
808 2205 916 2237 ΒΓΕ
940 2203 981 2247 b,
1007 2203 1097 2238 item
1122 2204 1184 2239 lin.
1210 2208 1263 2240 10.
1359 2205 1383 2240 ἄ
1386 2206 1447 2252 ρα]
1473 2217 1505 2250 z,

179 2258 248 2282 om.
265 2249 349 2282 cett.
426 2251 478 2282 10.
495 2243 537 2294 ᾧ]
552 2244 650 2283 ὦνὶ)
726 2253 778 2284 11.
794 2249 884 2295 ΒΓ]
900 2252 1002 2284 BAv.
1077 2254 1131 2285 13.
1147 2251 1237 2297 ΒΓ]
1252 2251 1460 2286 APPVat.
1468 2263 1503 2287 v.

226 2297 280 2328 23.
307 2293 374 2338 τὴν
401 2294 484 2340 ΕΖ]
510 2294 550 2328 τὸ
577 2296 646 2329 ΕΖ
671 2293 800 2335 δοθείς
823 2295 857 2330 b.
955 2299 1008 2330 24.
1037 2296 1310 2343 15(utrumque)]
1337 2308 1405 2332 om.
1430 2298 1469 2333 Ρ.
