1520 2508
599 88 818 122 SCHOLIA.
1297 86 1353 127 27
1359 86 1386 128 9

19 169 202 239 §Bostet'ffi
238 182 312 226 καὶ
342 184 477 226 πάλιν
507 189 587 225 τοῦ
619 186 711 225 ΑΕ
745 184 856 239 πρὸς
885 183 1029 226 πάντα
1066 185 1144 226 καί
1177 182 1268 226 ἐστι
1306 189 1387 226 τοῦ

18 255 115 305 {ER
146 256 256 312 πρὸς
285 255 440 297 πάντα.

123 340 190 381 76.
230 337 346 380 Ἐπεὶ
379 335 461 381 οὖν
492 339 696 393 συνήχθη
729 337 752 380 ὁ
784 343 864 379 τοῦ
897 340 977 380 ΓΖ
1008 338 1119 394 πρὸς
1146 341 1227 380 ΖΔ
1259 339 1389 392 λόγος

33 404 197 464 δοθείς,
227 417 365 452 κεῖται
398 407 446 451 δὲ
477 407 550 451 καὶ
581 415 660 451 τοῦ
686 412 771 451 ΕΒ
802 409 913 465 πρὸς
940 412 1028 451 ΖΔ
1060 410 1191 463 λόγος
1222 410 1388 464 δοθείς,

32 479 104 526 καὶ
129 486 208 522 τοῦ
236 482 317 522 ΓΖ
344 481 428 536 ἄρα
453 481 564 537 πρὸς
588 483 673 522 ΕΒ
702 481 833 534 λόγος
859 478 950 522 ἐστὶ
976 478 1130 530 δοθεὶς
1155 481 1230 522 διὰ
1254 481 1304 523 τὸ
1330 479 1387 535 η’.

33 551 166 597 πάλιν
198 550 289 593 ἐπεὶ
320 551 343 593 ὁ
376 557 455 593 τοῦ
481 554 572 592 ΑΕ
600 551 710 606 πρὸς
736 553 820 592 ΕΒ
853 552 984 605 λόγος
1015 550 1106 593 ἐστὶ
1132 552 1298 606 δοθείς,
1331 551 1390 602 ὡς

31 621 223 677 ἐδείχθη,
254 629 392 664 κεῖται
425 619 474 664 δὲ
504 620 578 663 καὶ
615 621 638 664 ὁ
671 627 751 663 τοῦ
780 624 865 663 ΕΒ
896 623 1007 678 πρὸς
1040 625 1122 663 ΖΔ
1154 624 1284 676 λόγος
1316 623 1389 664 δο-

10 678 147 747 Ιθείς,
178 691 252 735 καὶ
284 692 307 735 ὁ
339 698 418 734 τοῦ
451 696 542 734 ΑΕ
572 694 656 749 ἄρα
688 693 799 749 πρὸς
832 696 919 734 ΖΔ
950 694 1081 747 λόγος
1113 692 1204 735 ἐστὶ
1237 692 1391 743 δοθεὶς

8 758 105 806 ἕδιά
135 764 184 806 τὸ
216 762 273 818 η’.
335 762 408 806 καὶ
441 762 533 806 ἐπεὶ
564 764 617 805 τὰ
649 767 758 818 ΛΕ,
784 766 868 805 ΕΒ
907 764 1018 820 πρὸς
1055 764 1222 818 ἄλληλα
1254 766 1389 818 λόγον

7 824 117 890 ῑὲχει
156 834 415 890 δεδομένον,
459 833 531 876 καὶ
574 834 623 877 τὸ
663 835 769 877 ὅλον
812 835 861 877 τὸ
900 838 988 876 AB
1031 835 1142 891 πρὸς
1183 833 1390 892 ἑκάτερον

6 912 120 962 ξτῶν
151 909 253 960 ΑΕ,
279 909 362 947 ΕΒ
396 907 531 960 λόγον
562 907 648 961 ἔχει
675 904 915 961 δεδομένον
942 906 1016 947 διὰ
1041 907 1091 948 τὸ
1118 905 1173 950 ς’.
1227 906 1390 962 ὁμοίως

4 968 80 1020 ἰδὲ
110 975 183 1019 καὶ
214 978 263 1019 τὸ
292 979 372 1019 ΓΛ
402 978 513 1034 πρὸς
544 976 750 1034 ἑκάτερον
780 984 870 1019 τῶν
898 979 993 1032 ΓΖ,
1022 980 1104 1019 ΖΛ
1136 979 1271 1032 λόγον
1303 980 1389 1033 ἔχει

0 1036 7 1093 s}
29 1046 284 1103 δεδομένον.
345 1047 418 1090 καὶ
457 1047 548 1091 ἐπεὶ
585 1049 634 1090 τὸ
667 1051 754 1090 ΑΒ
792 1049 903 1105 πρὸς
934 1049 983 1090 τὸ
1018 1050 1098 1090 ΓΔ
1135 1050 1270 1103 λόγον
1302 1051 1390 1105 ἔχει

2 1114 289 1174 ῑζδεδομένον,
340 1121 426 1174 ἔχει
470 1117 518 1161 δὲ
561 1118 635 1162 καὶ
676 1120 725 1161 τὸ
767 1122 847 1161 ΓΔ
895 1120 1006 1176 πρὸς
1050 1118 1256 1176 ἑκάτερον
1299 1128 1389 1163 τῶν

0 1175 3 1230 .⁴
28 1191 127 1244 ΓΖ,
156 1193 236 1231 ΖΔ
268 1191 402 1244 λόγον
434 1189 695 1245 δεδομένον,
727 1189 800 1232 καὶ
831 1191 880 1233 τὸ
913 1193 1000 1232 ΑΒ
1034 1192 1119 1247 ἄρα
1150 1192 1261 1247 πρὸς
1292 1189 1388 1233 ἑκά-

0 1262 159 1317 ξἾ-τερον
196 1268 286 1303 τῶν
319 1263 418 1316 ΓΖ,
453 1264 539 1303 ΖΔ
577 1263 712 1315 λόγον
744 1263 830 1316 ἔχει
863 1261 1104 1317 δεδομένον
1142 1262 1216 1304 διὰ
1247 1263 1296 1305 τὸ
1329 1262 1388 1317 η’.

22 1329 192 1389 ’ὁμοίως
229 1328 278 1373 δὲ
314 1330 387 1373 καὶ
424 1333 473 1374 τὸ
514 1334 595 1374 ΓΔ
638 1333 748 1386 πρὸς
792 1331 998 1389 ἑκάτερον
1034 1340 1126 1375 τῶν
1163 1336 1271 1387 ΑΕ,
1303 1336 1387 1375 ΕΒ

27 1404 166 1456 ,λόγον
198 1404 283 1457 ἔχει
315 1402 572 1458 δεδομένον·
607 1404 717 1445 ὥστε
748 1403 892 1446 πάντα
923 1404 1034 1459 πρὸς
1058 1403 1202 1446 πάντα
1226 1406 1389 1458 λόγους

19 1473 117 1528 χ’ἔχει
149 1472 427 1528 δεδομένους.

503 1579 573 1622 Ad
603 1595 724 1636 prop.
758 1580 913 1623 XXIV.

19 1720 21 1722 r
123 1663 190 1705 77.
234 1663 455 1718 Εἰλήφθω
488 1670 577 1705 τῶν
609 1668 667 1718 Δ,
696 1667 731 1705 Ζ
763 1679 802 1719 p.
829 1665 905 1719 44,
933 1663 1008 1719 20]
1048 1664 1130 1706 δύο
1163 1665 1387 1706 δοθεισῶν

19 1732 222 1791 ζεύθειῶν
253 1733 391 1789 μέσην
422 1733 644 1788 ἀνάλογον
674 1741 951 1791 προσευρεῖν.

23 1876 35 1881 Γ
128 1817 196 1858 78.
251 1814 407 1858 Δοθὲν
451 1814 500 1858 δὲ
549 1817 598 1858 τὸ
648 1816 735 1859 ὑπὸ
786 1824 875 1859 τῶν
921 1820 984 1871 Δ,
1024 1820 1060 1858 Ζ
1109 1832 1149 1871 p.
1187 1817 1265 1870 44,
1309 1816 1385 1871 22]

18 1881 123 1949 4ἶίἔπεὶ
165 1887 249 1942 γὰρ
295 1886 518 1942 ἐμάθομεν
562 1886 611 1929 ἐν
653 1895 747 1937 τοῖς
791 1887 930 1943 ὅροις,
981 1887 1048 1929 ὅτι
1093 1887 1387 1943 εὐθύγραμμα

14 2013 692 2096 v,j-Amb'lss.JLPlVa'cJ'MonAmbr.97..
800 2018 854 2050 77.
881 2014 920 2049 P.
1021 2018 1075 2050 78.
1102 2014 1386 2051 PlVat.vM0n.

14 2071 30 2104 δι,
130 2073 188 2106 ικρ
218 2090 225 2096 .

20 2201 23 2203 —
129 2182 160 2214 1.
188 2156 390 2225 §ovd-fort.
419 2179 480 2214 ἔτι.
557 2183 588 2215 6.
617 2180 652 2226 ὁ]
680 2191 750 2215 om.
771 2179 1006 2215 Mon.Ambr.
1081 2180 1145 2227 ὡς]
1173 2194 1204 2225 ρ,
1232 2180 1386 2216 sustulit

17 2223 102 2261 ¹«lac.
128 2226 299 2271 bombyc.
319 2226 430 2272 Mon.‚
458 2237 528 2262 om.
556 2229 642 2262 cett.
719 2230 749 2262 7.
778 2225 948 2273 ἐδείχθη]
976 2227 1002 2262 ἐ.
1030 2226 1100 2273 γάρ
1125 2227 1252 2263 Ambr.
1329 2231 1384 2263 16.

13 2271 98 2355 {kd
123 2294 168 2300 -
196 2277 251 2354 381.
282 2272 503 2320 δεδομένον]
537 2285 607 2309 om.
639 2275 725 2310 Vat.
740 2275 839 2310 Mon.
855 2275 980 2310 Ambr.
1103 2278 1158 2311 24.
1199 2274 1277 2322 ὅτι]
1313 2286 1387 2310 om.

74 2330 143 2366 on.,
169 2333 210 2356 το
255 2350 261 2356 .

1416 842 1460 873 10

1416 1198 1459 1229 15

1413 1588 1459 1620 20
