1520 2508
120 843 163 874 10

64 1189 160 1219 ⁷15

117 1536 160 1567 20

115 1882 159 1913 25

191 116 278 158 254
407 118 577 151 MARINI
600 117 888 151 PHILOSOPHI
914 117 1282 151 COMMENTARIUS

190 212 358 267 εὕρεσις
393 210 419 263 ἡ
457 211 665 260 ἀνάλυσις
705 209 777 252 καὶ
813 211 929 260 ὅπως
963 211 1072 266 πρὸς
1107 210 1279 266 εὕρεσιν
1314 216 1388 265 τῆς
1422 195 1520 274 1:154·

190 281 353 335 ὁμοίων
390 279 646 330 ἀποδείξεως
680 279 785 334 ἡμῖν
822 280 1111 334 συμβάλλεται
1153 278 1224 321 καὶ
1267 279 1332 322 ὅτι
1368 282 1497 335 μεῖζ

190 349 279 390 ἐστι
322 350 370 390 τὸ
414 349 602 403 δύναμιν
645 349 909 403 ἀναλυτικὴν
950 350 1192 402 κτήσασθαι
1234 354 1312 390 τοῦ
1350 348 1509 414 πολλὰς

190 417 427 468 ἀποδείξεις
457 426 545 460 τῶν
578 418 645 460 ἐπὶ
675 417 834 474 μέρους
864 419 989 473 ἔχειν.

279 490 340 537 εἰς
374 488 513 537 πάσας
543 490 696 529 τοίνυν
728 489 804 537 τὰς
834 488 1035 536 τοιαύτας
1066 487 1296 542 ἐπιστήμας
1326 467 1520 551 χρησίμᾷ

190 555 300 600 οὖσα
335 558 362 611 ἡ
398 556 497 612 περὶ
532 562 611 598 τοῦ
642 556 879 611 δεδομένου
910 558 1094 611 θεωρία,
1138 556 1305 612 ἐπείπερ
1342 555 1414 597 καὶ
1449 548 1510 619 εἰῇ

190 626 403 668 ἀνάλυσιν
439 626 547 681 μέγα
583 626 890 681 συμβάλλεται,
927 627 1101 675 εἰκότως
1137 625 1190 667 ἂν
1221 625 1375 679 ρηθειή
1407 623 1509 678 ἀνῶ

188 700 346 749 γεσθαι
383 696 461 750 οὐχ
503 695 587 737 ὑπὸ
624 698 729 750 μίαν
764 696 863 737 τινὰ
900 695 1154 750 ἐπιστήμην,
1196 694 1291 737 ἀλλ’
1330 696 1391 744 εἰς
1430 695 1508 750 τὴᾳ

188 767 384 807 καθόλου
427 764 663 819 λεγομένην
705 767 1024 819 μαθηματικήν.
1097 765 1204 818 αὕτη
1247 763 1298 806 δέ
1332 763 1448 806 ἐστιν
1478 755 1520 831 {z

187 837 290 890 περί
310 849 355 876 τε
379 835 527 888 πλήθη
552 833 623 875 καὶ
642 833 804 888 μεγέθη
829 833 900 875 καὶ
918 835 1104 889 χρόνους
1128 833 1199 875 καὶ
1223 834 1328 888 τάχη
1355 835 1511 891 ἔχουσα

187 903 260 946 καὶ
289 904 342 945 τὰ
371 909 550 945 τοιαῦτα
579 904 732 957 πάντα,
763 903 961 959 καθάπερ
993 904 1046 958 δὴ
1077 902 1150 944 καὶ
1180 904 1206 957 ἡ
1230 901 1330 959 περὶ
1354 900 1520 966 λόγουό

187 973 259 1015 καὶ
295 973 528 1026 ἀναλογίας
563 971 636 1014 καὶ
671 974 746 1022 τὰς
787 978 1008 1027 πανταχοῦ
1044 974 1278 1027 μεσότητας
1315 986 1460 1028 πραγμ

187 1041 407 1097 τευομένη.
455 1043 563 1097 πρὸς
587 1043 750 1095 ταύτην
773 1044 927 1084 τοίνυν
951 1043 1031 1096 τὴν
1049 1049 1136 1084 τῶν
1155 1041 1402 1096 δεδομένων
1420 1041 1471 1084 ἐπ

187 1113 450 1167 στημονικὴν
492 1110 734 1164 κατάληψιν
776 1110 1104 1166 χρησιμωτάτην
1153 1108 1289 1152 οὖσαν
1332 1111 1379 1151 τὸ
1422 1126 1446 1152 τ

187 1181 432 1236 δεδομένων
474 1183 647 1235 βιβλίον
688 1181 710 1223 ὁ
748 1181 988 1233 Εὐκλειδης
1030 1178 1302 1233 ἐξεπόνησεν,
1345 1179 1397 1221 ὃν
1437 1196 1462 1222 κ

188 1252 466 1306 στοιχειωτὴν
503 1253 665 1307 κυρίως
702 1250 997 1304 ἐπωνόμασαν.
1061 1249 1200 1303 πάσης
1236 1250 1318 1303 γὰρ
1356 1233 1515 1303 σχεδοῇ

186 1325 488 1375 μαθηματικῆς
525 1320 755 1374 ἐπιστήμης
791 1327 980 1374 στοιχεῖα
1021 1318 1093 1360 καὶ
1135 1313 1230 1360 οἷον
1272 1318 1484 1371 είσαγωγὰ
1516 1324 1520 1351 ἒ

185 1389 430 1446 προέταξεν,
457 1390 514 1439 ὡς
538 1391 797 1445 γεωμετρίας
820 1386 900 1443 μὲν
926 1389 1027 1442 ὅλης
1052 1388 1099 1430 ἐν
1123 1395 1214 1437 τοῖς
1239 1386 1299 1440 ιγ’
1324 1327 1518 1525 &fil-1505}

185 1458 258 1501 καὶ
282 1465 358 1513 τῆς
383 1459 669 1514 ἀστρονομίας
699 1458 745 1500 ἐν
769 1466 860 1507 τοῖς
881 1456 1181 1512 Φαινομένοις,
1205 1455 1277 1498 καὶ
1301 1467 1458 1511 μουσικ
1518 1484 1520 1486 -

186 1527 233 1570 δὲ
262 1527 335 1570 καὶ
366 1529 542 1582 ὀπτικῆς
573 1528 732 1582 ὁμοίως
767 1535 955 1582 στοιχεῖα
990 1525 1310 1582 παραδέδωκεν·
1351 1524 1421 1567 καὶ
1452 1517 1520 1581 6⁴31

184 1596 256 1639 καὶ
287 1603 362 1651 τῆς
391 1597 488 1653 περὶ
519 1603 597 1638 τοῦ
627 1596 863 1651 δεδομένου
893 1597 1032 1649 πάσης
1061 1597 1351 1651 πραγματείας
1376 1595 1422 1636 ἐν
1446 1582 1520 1681 τῷ

183 1665 448 1723 προκειμένῳ
480 1668 634 1722 βιβλίῳ
666 1668 935 1719 στοιχείωσιν
972 1665 1235 1718 ἀναλυτικὴν
1260 1643 1520 1749 &nonjaanl

183 1737 468 1791 γεωμετρικὸς
504 1733 552 1777 δὲ
583 1736 645 1777 ὢν
675 1735 698 1776 ὁ
730 1734 840 1790 ἀνὴρ
873 1735 1170 1789 διαφερόντως
1199 1735 1302 1782 τοὺς
1331 1734 1512 1790 κοινοὺς

184 1804 283 1861 περὶ
336 1811 414 1847 τοῦ
469 1803 705 1859 δεδομένου
759 1806 916 1856 λόγους
965 1810 1056 1852 τοῖς
1106 1802 1335 1856 μεγέθεσιν
1385 1799 1514 1857 ἰδίωῆ

186 1874 448 1930 ἐφήρμοσεν,
492 1874 544 1916 ὃν
579 1875 741 1929 τρόπον
778 1872 948 1926 ἐποίησε
983 1871 1055 1914 καὶ
1093 1870 1161 1914 ἐπὶ
1191 1878 1279 1913 τῶν
1311 1873 1505 1918 καθόλοὺ

185 1945 328 1997 λόγων
370 1943 429 1993 ὡς
465 1942 534 1985 ἐπὶ
576 1947 775 1997 μεγεθῶν
819 1942 941 1990 ἰδίως
979 1941 1138 1990 αὐτοὺς
1178 1938 1509 1995 πραγματευσάξ

185 2029 312 2068 μενος
342 2012 390 2054 ἐν
419 2018 478 2069 τῷ
509 2011 683 2068 πέμπτω
713 2013 867 2067 βιβλιςο
898 2016 974 2064 τῆς
1004 2009 1219 2052 ἐπιπέδου.
1490 2010 1520 2036 -’

271 2089 429 2132 κοινῶς
458 2079 537 2136 μὲν
567 2079 648 2125 οὗν
678 2084 861 2136 εἴρηται,
897 2082 943 2121 τί
968 2080 1017 2121 τὸ
1049 2078 1282 2133 δεδομένον
1317 2077 1389 2120 καὶ
1417 2076 1509 2127 ὑπὸ

1483 2165 1499 2188 v1

278 2257 308 2287 6.
335 2251 419 2299 καί]
446 2263 561 2297 comp.
587 2252 632 2296 P;
668 2263 736 2286 om.
763 2251 845 2286 Vat.
944 2253 973 2284 7.
1000 2248 1091 2295 μέγα
1117 2247 1376 2330 συμβάλλεταιὲ
1396 2223 1508 2293 μεταξ

185 2298 425 2353 συμβάλλεται
448 2299 516 2333 Pv.
637 2298 797 2343 εἰκότως]
830 2295 926 2337 εἰκός
949 2296 1033 2331 vat.
1153 2299 1173 2330 9
1217 2295 1327 2341 ἐστιν]
1377 2306 1432 2329 στι
1459 2288 1499 2336 R<
