1520 2508
90 941 134 972 10

157 73 244 115 324
528 77 766 111 APPENDIX
790 78 1107 113 SOHOLIORUM.
1177 106 1183 114 ,

245 170 283 210 6.
327 172 526 211 Λοθεῑσα
558 168 605 212 δὲ
635 170 661 224 ἡ
691 171 776 213 ὑπὸ
811 174 943 214 ΘΗΖ
974 188 1013 227 p.
1042 174 1137 227 198,
1169 174 1299 226 8—9]
1338 173 1476 230 ἡγὰρ

157 237 266 279 κατὰ
297 240 498 294 κορυφὴν
534 240 642 295 αὐτῇ
679 240 704 294 ἡ
743 241 827 283 ὑπὸ
859 245 992 284 ΒΗΔ
1029 243 1212 285 δοθεῖσα
1249 243 1384 299 ἐστιν,
1422 246 1520 305 ὡς),

158 306 334 362 ἐδείχθη
363 307 575 364 ἀνωτέρω.
1518 314 1520 316 ’

427 425 494 466 Ad
523 439 641 480 prop.
673 425 858 468 XXXIV
888 427 1115 469 demonstr.
1147 429 1219 470 alt.
1502 415 1520 491 l}

249 506 285 546 7.
330 504 401 554 Ὡς
438 503 485 547 δὲ
518 506 544 560 ἡ
578 510 663 548 ΘΕ
695 508 803 563 πρὸς
833 511 923 549 ΕΚ
955 524 993 567 p.
1020 510 1123 564 200,
1154 510 1199 564 3]
1242 510 1315 552 διὰ
1351 512 1398 552 τὸ
1436 509 1479 552 δ’
1507 497 1520 562 Ξ

156 580 235 616 τοῦ
267 574 320 618 ς’·
365 576 571 629 ἰσογώνια
607 577 688 632 γάρ
721 576 809 619 ἐστι
847 577 898 619 τὰ
930 580 1077 633 ΚΖΕ,
1102 582 1247 621 ΕΘΗ
1277 583 1479 636 τρίγωνα,

157 643 362 698 ὁμόλογοι
388 646 436 686 αἱ
453 645 538 687 ὑπὸ
557 646 634 696 τὰς
654 650 749 696 ἴσας
773 650 932 700 γωνίας
956 648 1139 703 πλευραὶ
1162 649 1479 692 ὑποτείνουσαι.
1511 667 1520 688 :¹

455 786 522 826 Ad
552 800 672 840 prop.
703 785 822 828 XLV
852 787 1080 829 demonsbr.
1113 789 1184 830 alt.
1518 846 1520 850 Α

247 866 283 907 8.
328 868 419 906 Καί
446 866 534 908 ἐστι
572 868 754 909 δοθεῖσα
784 884 823 923 p.
850 869 946 923 200,
975 868 1044 926 12]
1084 869 1173 911 ἐπεὶ
1204 870 1285 926 γὰρ
1317 870 1342 924 ἡ
1374 871 1481 926 πρὸς

158 941 217 991 τῷ
255 939 297 976 Α
335 938 473 988 γωνία
511 935 720 991 δεδομένη
759 936 893 991 ἐστίν,
937 942 1007 992 ἴση
1051 936 1098 980 δὲ
1139 938 1165 992 ἡ
1202 941 1310 995 πρὸς
1345 947 1403 997 τῷ
1439 945 1481 982 Α

158 1012 252 1054 ταῖς
275 1008 331 1058 Δ,
352 1007 394 1046 Γ
411 1007 600 1060 γωνίαις,
625 1007 651 1060 ἡ
677 1006 797 1057 ε’κτὸς
822 1007 921 1049 δυσὶ
946 1015 1040 1057 ταῖς
1059 1008 1180 1058 ἐντὸς
1203 1009 1274 1051 καὶ
1299 1009 1481 1052 ἀπεναν-

158 1076 255 1116 τίον
287 1079 357 1129 ἴση
389 1075 525 1130 ἐστίν,
557 1080 645 1118 ἴσαι
677 1076 729 1118 δέ
749 1078 831 1119 εἱσι
862 1076 933 1119 καὶ
958 1079 1007 1119 αἱ
1028 1082 1083 1132 Δ,
1110 1081 1151 1120 Γ
1176 1082 1343 1133 γωνίαι,
1375 1081 1482 1122 ὥστε

88 1195 91 1197 ‚
159 1143 388 1199 δεδομέναι
419 1144 530 1187 εἰσὶν
560 1147 609 1187 αἱ
636 1150 691 1201 A,
718 1149 760 1188 Γ
783 1149 949 1201 γωνίαι.

91 1301 134 1332 15

90 1731 135 1763 20

247 1226 285 1267 9.
311 1225 509 1281 Ἡμίσεια
528 1227 609 1282 γάρ
630 1227 717 1269 ἐστι
738 1243 777 1283 p.
791 1230 888 1283 200,
905 1229 977 1284 12]
1004 1228 1092 1271 ἐπεὶ
1112 1229 1194 1285 γὰρ
1214 1230 1239 1284 ἡ
1258 1230 1343 1273 ὑπὸ
1357 1233 1488 1272 ΒΑΓ

162 1299 232 1349 ἴση
277 1295 366 1338 ἐστὶ
410 1296 509 1339 δυσὶ
553 1305 646 1347 ταῖς
688 1297 809 1348 ἐντὸς
849 1298 919 1340 καὶ
962 1299 1223 1341 ἀπεναντίον
1262 1308 1356 1350 ταῖς
1396 1300 1482 1342 ὑπὸ

159 1368 303 1420 ΑΔΓ,
328 1368 457 1408 ΔΓΑ
489 1371 602 1417 ἴσαις
633 1368 784 1418 οὔσαις
814 1368 1036 1423 ἀλλήλαις,
1068 1369 1093 1423 ἡ
1124 1369 1208 1411 ὑπὸ
1239 1373 1324 1411 ΑΔ
1333 1372 1374 1412 Γ
1398 1371 1481 1426 ἄρα

159 1435 331 1490 ἡμίσειά
361 1436 449 1478 ἐστι
480 1443 555 1491 τῆς
584 1437 669 1479 ὑπὸ
701 1440 836 1480 ΒΑΓ.

449 1575 517 1618 Ad
547 1591 665 1631 prop.
696 1577 834 1619 XLVI
865 1578 1094 1620 demonstr.
1125 1578 1197 1620 alt.

250 1657 315 1698 10.
366 1659 457 1698 Καί
490 1656 607 1700 ἐστιν
649 1658 782 1712 αὐτῆς
823 1659 953 1713 διπλῆ
997 1675 1035 1714 p.
1061 1660 1164 1714 202,
1195 1659 1240 1714 5]
1285 1663 1355 1713 ἴση
1400 1659 1481 1714 γάρ

161 1725 278 1768 ἐστιν
309 1726 334 1780 ἡ
366 1727 474 1782 πρὸς
503 1733 562 1784 τῷ
594 1731 637 1769 Δ
672 1730 808 1781 γωνία
845 1735 895 1785 τῇ
926 1721 1034 1784 πρὸς
1063 1735 1122 1786 τῷ
1156 1731 1214 1771 Γ·
1257 1731 1345 1771 ἔστι
1377 1727 1424 1771 δὲ
1454 1728 1480 1782 ἡ

160 1795 245 1838 ὑπὸ
277 1799 410 1838 ΒΑΓ
440 1796 541 1838 δυσὶ
572 1805 665 1847 ταῖς
696 1797 816 1847 ἐντὸς
851 1797 922 1840 καὶ
954 1799 1212 1841 ἀπεναντίον
1243 1803 1329 1852 ἴση·
1374 1799 1482 1840 ὥστε

255 1926 285 1956 6.
312 1921 381 1965 ΡΖ,
408 1922 643 1957 coniunctum
668 1934 697 1959 c.
723 1935 775 1959 m.
803 1928 825 1958 4
850 1925 932 1960 Vat.
943 1936 999 1969 σρ
1082 1930 1112 1961 7.
1139 1937 1167 1959 z.
1250 1929 1281 1960 8.
1307 1924 1481 1959 PlVat.v

161 1967 258 2003 Mon.
269 1950 381 2012 σρλοῖ
476 1973 506 2005 9.
533 1969 656 2005 Ambr.
754 1974 808 2006 10.
835 1983 863 2006 z.

257 2088 287 2119 1
314 2084 399 2132 γάρ]
426 2097 495 2120 om.
510 2099 540 2129 ρ
614 2090 644 2121 2.
671 2086 855 2143 κορυφήν]
881 2100 924 2121 κο
944 2086 1077 2121 lacuna
1097 2086 1227 2122 relicta
1246 2099 1274 2122 Ζ.
1348 2088 1416 2123 αὐτ
1417 2087 1479 2134 ήν]

162 2130 256 2187 αὐτή
279 2145 310 2175 ρ.
407 2131 563 2167 δοθεῖσα
588 2132 700 2179 ἐστιν]
727 2132 876 2168 δέδοται
900 2145 928 2168 Ζ.
1023 2133 1086 2189 ὡς]
1114 2131 1220 2178 nalo
1328 2137 1358 2169 3.
1384 2134 1481 2170 ἀνω-

161 2175 252 2221 τέρω
301 2189 369 2213 om.
398 2191 432 2223 Ζ,
469 2179 654 2222 ἀνώτερον
686 2193 716 2223 ρ.
839 2183 891 2215 10.
925 2178 1103 2224 δεδομένη
1136 2178 1246 2226 ἐστιν]
1278 2180 1367 2216 haec
1397 2182 1483 2225 post

161 2222 232 2268 γάρ
283 2224 341 2259 ab.
368 2237 400 2260 v.
498 2224 608 2272 ἐστίν]
635 2237 703 2261 om.
725 2225 747 2261 l.
847 2230 898 2260 12.
925 2225 960 2261 ἰ’σ
961 2226 998 2272 η]
1025 2225 1100 2261 ἴσαι
1125 2237 1154 2261 c.
1250 2226 1333 2274 εἰσι]
1359 2238 1427 2262 om.
1450 2239 1478 2263 c.

209 2275 253 2315 A,
276 2272 328 2318 Γ]
356 2274 396 2316 Γ,
416 2277 448 2307 A
473 2283 501 2307 e.
600 2276 653 2308 13.
679 2273 727 2319 A]
753 2276 781 2307 A
806 2272 888 2308 Vat.
899 2286 928 2316 ρ.
