1520 2508
105 833 148 863 10

103 1179 146 1210 15

99 1597 145 1628 20

177 106 234 148 22
513 95 519 102 '
709 109 973 143 AEAOMENA.
1483 77 1497 122 5

176 203 320 255 μεῖζον
351 203 457 243 ἔστω
489 201 515 255 ἢ
547 202 594 243 ἐν
624 204 755 259 λόγςιν
788 201 910 257 λέγω,
942 204 1006 245 ὅτι
1034 205 1082 245 τὸ
1107 203 1212 245 αὐτὸ
1236 205 1284 245 τὸ
1310 207 1395 251 AB
1424 195 1498 249 καὶ

176 276 255 311 τοῦ
286 274 441 312 λοιποῦ
473 277 550 312 τοῦ
580 274 670 312 ΒΓ
700 270 876 313 δοθέντι
915 275 1059 327 μεῖζον
1088 274 1206 315 ἔσται
1235 272 1262 326 ἢ
1293 272 1340 315 ἐν
1370 275 1495 332 λόγῳζ

265 338 355 381 ἐπεὶ
393 341 474 395 γὰρ
501 341 560 382 ,τὸ
592 344 676 382 ΑΒ
713 347 791 383 τοῦ
821 345 863 383 A
871 343 912 383 Γ
942 341 1119 384 δοθέντι
1149 343 1291 397 μεῖζόν
1321 342 1438 385 ἐστιν
1467 342 1497 400 ἦ

177 408 225 450 έν
256 411 384 465 λόγῳ,
417 409 660 465 ἀφῃρήσθω
691 411 739 452 τὸ
765 409 900 452 δοθὲν
923 412 1107 465 μέγεθος
1131 413 1179 453 τὸ
1204 415 1308 453 ΑΕ·
1341 416 1495 456 λοιποῦ

178 479 261 533 ἄρα
294 485 375 520 ’τοῦ
412 482 494 520 ΕΒ
530 481 638 535 πρὸς
673 481 721 522 τὸ
758 482 850 522 ΑΓ
885 482 1012 533 λόγος
1048 480 1138 522 ἐστὶ
1173 482 1339 530 δοθείς·
1388 483 1502 538 ὥστε

174 546 355 590 καὶτοῦ
387 551 479 590 ΑΓ
503 550 611 604 πρὸς
640 551 688 591 τὸ
720 552 801 591 ΕΒ
832 552 959 603 λόγος
990 549 1079 592 ἐστὶ
1110 551 1274 600 δοθείς·
1312 551 1335 592 ὁ
1366 551 1501 602 αὐτὸςὶῗ

174 617 291 674 αὐτῷ
322 616 532 671 γεγονέτω
564 618 587 660 ὁ
613 624 690 660 τοῦ
716 622 801 660 ΑΔ
829 621 938 675 πρὸς
961 623 1066 661 EA·
1097 619 1168 661 καὶ
1193 625 1270 661 τοῦ
1295 623 1381 662 ΔΑ
1411 622 1497 675 520oe

174 687 283 741 πρὸς
302 690 391 728 ΕΔ
415 689 542 740 λόγος
567 687 656 729 ἐστὶ
681 689 846 738 δοθείς·
877 687 949 730 καὶ
974 688 1291 744 ἀναστρέψαντι
1314 695 1392 731 τοῦ
1409 692 1495 733 ΔΑ

173 757 282 811 πρὸς
312 760 402 798 ΑΕ
435 758 562 810 λόγος
599 758 764 807 δοθείς·
806 757 877 816 ριαὶ
908 757 1123 800 ἀνάπαλιν
1159 764 1236 800 τοῦ
1266 762 1353 800 ΕΛ
1387 760 1496 815 πρὸς

174 826 222 866 τὸ
253 829 340 867 AA
369 828 497 879 λόγος
528 825 622 868 ἐστὶ·
648 827 808 876 δοθείς.
869 826 939 869 καὶ
970 826 1106 869 δοθὲν
1136 829 1184 869 τὸ
1215 831 1320 869 AE·
1358 826 1494 871 δοθὲν

172 896 256 950 ἄρα
291 894 365 937 baal
401 896 505 937 ὅλον
540 898 588 938 τὸ
620 900 716 938 ΑΛ.
776 895 847 938 καὶ
885 896 975 939 ἐπεὶ
1012 898 1115 939 ὅλου
1152 903 1230 938 τοῦ
1260 899 1352 939 ΑΓ
1386 899 1496 954 πρὸς

171 964 277 1006 ὅλον
307 966 355 1006 τὸ
387 968 469 1006 ΕΒ
508 968 634 1019 λόγος
665 965 755 1008 ἐστὶ
787 967 954 1020 δοθείς,
991 963 1053 1008 ὧν
1083 972 1161 1008 τοῦ
1191 970 1277 1008 AA
1306 969 1414 1022 πρὸς
1443 965 1511 1054 τὸὲ

172 1037 263 1075 ΔΕ
291 1036 420 1087 λόγος
445 1034 534 1076 ἐστὶ
560 1036 722 1089 δοθεις,
754 1037 871 1077 ἔσται
900 1035 972 1077 καὶ
997 1040 1150 1078 λοιποῦ
1174 1042 1252 1078 τοῦ
1278 1038 1356 1078 ΓΔ
1385 1029 1511 1105 πρὸςξ

173 1104 328 1145 λοιπὸν
364 1104 412 1145 τὸ
448 1106 534 1146 AB
578 1106 705 1157 λόγος
747 1106 914 1154 δοθείς·
956 1104 1027 1146 καὶ
1069 1106 1256 1147 διελόντι
1297 1112 1375 1147 τοῦ
1414 1093 1515 1157 FB}

173 1174 282 1228 πρὸς
316 1174 365 1214 τὸ
402 1176 489 1214 AB
527 1176 655 1227 λόγος
696 1173 786 1216 ἐστι
828 1175 994 1224 δοθείς·
1037 1176 1145 1217 ὥστε
1186 1174 1257 1216 καὶ
1293 1181 1370 1216 τοῦ
1406 1177 1513 1217 ΔΒ

169 1243 278 1296 πρὸς
301 1243 350 1284 τὸ
370 1245 458 1284 ΒΓ
482 1232 610 1296 λόγος
634 1243 724 1285 ἐστὶ
749 1245 910 1293 δοθείς.
952 1246 1028 1285 καί
1041 1244 1139 1286 ’ἐστι
1163 1242 1298 1286 δοθὲν
1322 1246 1370 1286 τὸ
1389 1248 1507 1296 AAr

169 1312 218 1353 τὸ
250 1315 336 1353 ΑΒ
368 1313 451 1367 ἄρα
482 1311 560 1354 τοῦ
591 1315 679 1354 ΒΓ
703 1312 880 1355 δοθέντι
912 1316 1054 1367 μεῖζόν
1085 1313 1202 1355 ἐστιν
1232 1313 1258 1367 ἢ
1287 1313 1334 1355 ἐν
1364 1316 1511 1371 λόγῳ]

797 1440 869 1494 ιβ’.

254 1519 352 1562 Ἐὰν
387 1518 415 1577 ᾗ
451 1524 549 1576 τρία
585 1521 747 1576 μεγέθη
784 1521 855 1563 καὶ
888 1523 936 1564 τὸ
968 1520 1047 1576 μὲν
1076 1528 1249 1577 πρῶτον
1279 1523 1383 1576 μετὰ
1412 1517 1512 1582 τοῦξ

170 1587 424 1646 δευτέρου
395 1594 423 1646 ᾐ
444 1589 592 1645 δοθέν,
616 1587 644 1647 ᾗ
665 1590 711 1633 δὲ
735 1590 806 1633 καὶ
828 1593 876 1633 τὸ
896 1592 1100 1646 δεύτερον
1124 1592 1228 1646 μετὰ
1246 1597 1324 1633 τοῦ
1343 1606 1507 1647 τριτου

169 1658 324 1714 δοθέν,
367 1661 418 1702 τὸ
452 1668 626 1715 πρῶτον
667 1667 726 1718 τῷ
763 1663 892 1718 τρίτω
935 1662 1030 1715 ἤτοι
1067 1664 1164 1703 ἴσον
1200 1660 1337 1715 ἐστίν,
1380 1661 1406 1715 ἢ
1442 1662 1511 1703 τὸ

171 1727 320 1785 ἕτερον
351 1736 429 1771 τοῦ
461 1729 607 1785 ἑτέρου
639 1704 816 1772 δοθέντι
846 1732 990 1784 μεῖζόν
1020 1730 1150 1772 ἐστιν.

199 1835 202 1838 «
258 1800 364 1841 ἔστω
390 1801 489 1855 τρία
513 1798 674 1854 μεγέθη
699 1801 752 1841 τὰ
775 1803 874 1854 ΑΒ,
899 1802 993 1853 ΒΓ
1020 1801 1110 1853 ΓΔ,
1140 1798 1212 1841 καὶ
1237 1801 1284 1841 τὸ
1309 1798 1388 1854 μὲν
1404 1802 1509 1842 ΑΒ

169 1869 274 1922 μετὰ
303 1874 381 1910 τοῦ
407 1871 495 1910 ΒΓ
520 1867 656 1911 δοθεν
685 1871 792 1911 ἔστω
823 1870 871 1911 τὸ
897 1873 938 1911 Α
947 1871 995 1922 Γ,
1026 1870 1074 1910 τὸ
1100 1867 1147 1910 δε
1171 1870 1259 1910 ΒΓ
1281 1870 1385 1923 μετὰ
1412 1874 1515 1914 τοῦ

125 1945 144 1974 5
173 1939 252 1979 ΓΔ
289 1936 425 2024 δοθὲν
461 1940 568 1981 ἔστω
605 1940 652 1980 τὸ
690 1941 794 1980 ΒΔ·
844 1938 972 1992 λέγω,
1010 1939 1074 1979 ὅτι
1112 1939 1158 1979 τὸ
1191 1941 1276 1979 AB
1313 1945 1372 1995 τῷ
1411 1941 1516 1980 ΓΔ’

265 2068 293 2097 l.
319 2064 359 2098 τὸ
385 2021 489 2110 αὐτό]
515 2062 578 2099 καί
602 2076 634 2098 a.
729 2062 807 2110 καί]
834 2075 901 2098 om.
928 2075 960 2098 a.
1056 2066 1087 2097 2.
1115 2062 1228 2109 ἔσται]
1254 2073 1368 2108 comp.
1390 2064 1486 2107 Van,
1508 2062 1513 2069 ⁴

168 2108 265 2144 ἐστιν
291 2121 323 2144 v.
439 2114 469 2145 7.
495 2111 572 2156 ΔΑ]
598 2113 661 2145 ΑΔ
686 2121 718 2145 a
831 2110 854 2145 ἄ
857 2111 918 2156 poc]
944 2121 1012 2144 om.
1039 2119 1071 2143 a.
1185 2112 1216 2143 8.
1245 2110 1329 2155 EA]
1355 2111 1428 2144 AE
1453 2120 1486 2144 a.
1511 2118 1520 2141 Γ

215 2155 234 2190 ὁ
259 2161 323 2190 τοῦ
350 2167 381 2190 a.
483 2160 514 2191 9.
542 2156 615 2191 ἐστὶ
639 2154 767 2196 δοθεὶς
791 2168 823 2191 a.
918 2155 1103 2191 ἀνάπαλιν
1123 2176 1167 2182 —
1189 2160 1241 2190 13.
1269 2154 1380 2201 ἔσται]
1408 2153 1520 2190 ἐπεί

167 2201 241 2236 ἐστι
266 2201 372 2247 λόγος
395 2208 459 2238 τοῦ
484 2205 556 2237 ΑΓ
576 2203 666 2247 πρὸς
693 2205 759 2238 ΕΒ
785 2201 927 2246 δοθείς,
953 2200 1070 2238 δοθὲν
1094 2202 1134 2237 τὸ
1160 2204 1243 2236 ΑΕ·
1270 2200 1388 2237 δοθὲν
1414 2202 1507 2246 ἄρα
1515 2227 1517 2229 ·

166 2248 229 2282 καὶ
257 2216 342 2283 ὅλογν
368 2249 408 2283 τὸ
434 2253 496 2284 ΑΔ
521 2261 552 2284 a.
662 2253 715 2284 12.
741 2262 780 2284 το
795 2249 885 2293 (alt)
929 2260 997 2283 om
1023 2260 1055 2283 v.
1159 2252 1212 2282 14.
1238 2249 1321 2294 AB]
1348 2251 1416 2283 AB
1441 2247 1507 2283 τὰ

122 2326 124 2329 ,
165 2297 235 2329 ΔΒ
264 2306 297 2329 τ’.
384 2299 435 2330 15.
462 2296 517 2341 τό]
545 2307 613 2330 om.
639 2306 671 2330 a.
758 2299 810 2331 16.
835 2250 902 2331 noc}
924 2294 1000 2341 γάρ
1016 2295 1100 2329 Vat.
1192 2299 1245 2330 17.
1272 2295 1350 2340 AB]
1377 2306 1486 2340 supra
1507 2300 1515 2339 j
