1520 2508
44 0 66 26 f

603 89 821 124 SOHOLIA.
1299 85 1386 128 295

41 188 135 243 ᾼΓ
168 187 280 243 πρὸς
322 187 371 228 τὸ
406 187 546 228 ΑΒΓ
582 186 802 241 τρίγωνον
844 186 974 239 λόγος
1017 183 1186 234 δοθείς·
1230 183 1386 226 διπλά-

44 317 52 345 <⁴
130 342 224 384 132.
276 341 339 383 Τὸ
370 340 580 396 θεώρημα
613 339 672 389 ὡς
702 338 843 390 ὀξείας
874 339 1009 394 οὔσης
1039 345 1116 394 τῆς
1146 338 1232 381 ὑπὸ
1259 340 1395 381 ΒΑΓ

36 351 400 487 ὶαταγέγραπται.
463 410 540 453 ἐὰν
572 408 620 452 δὲ
651 409 768 466 ὀρθὴ
799 406 842 467 ᾖ,
873 410 1066 453 αὐτόθεν
1097 411 1146 452 τὸ
1177 410 1263 453 ὑπὸ
1290 413 1387 465 BA,

22 568 38 619 J
73 554 226 597 λάσιον
244 554 328 610 γὰρ
349 553 487 595 αὐτοῦ
508 552 639 595 ἐστιν.
678 552 755 595 ἐὰν
775 550 824 595 δὲ
844 552 1027 608 ἀμβλεῖα
1047 549 1075 609 ᾗ
1096 552 1122 607 ἡ
1142 553 1229 596 ὑπὸ
1243 556 1327 595 BA
1337 555 1386 608 Γ,

22 623 35 627 ”’
600 625 726 679 ἤχθω
769 625 956 676 κάθετος
993 624 1281 680 ἐκβληθείσης
1310 631 1388 680 τῆς

604 698 684 738 ΓΑ
714 695 740 750 ἡ
773 699 868 738 ΒΕ.
936 695 1112 738 δέδοται
1150 694 1232 739 οὖν
1269 696 1294 752 ἡ
1326 699 1387 738 Ε·

25 817 27 821 ‚
603 768 719 823 ὀρθὴ
739 766 841 823 γάρ·
867 766 978 810 ἀλλὰ
999 766 1072 810 καὶ
1091 766 1117 822 ἡ
1137 767 1224 810 ὑπὸ
1246 770 1387 822 ΒΑΕ,

603 838 751 894 ἐπειδὴ
782 837 856 880 καὶ
881 838 908 893 ἡ
935 837 1088 894 ἐφεξῆς
1113 839 1248 893 αὐτῆς
1277 838 1386 881 ὑπό·
1413 851 1458 882 10

21 904 26 927 ³
601 923 757 953 κειται·
777 909 850 952 καὶ
864 911 993 965 λοιπὴ
1014 911 1099 967 ἄρα
1118 910 1144 965 ἡ
1158 910 1244 952 ὑπὸ
1258 913 1388 953 ΕΒΑ

42 949 92 1015 ,E
263 952 300 985 Α
492 949 536 982 Γ
603 981 790 1024 δέδοται.
817 981 992 1024 δέδοται
1006 983 1091 1038 ἄρα
1105 983 1153 1024 τὸ
1168 983 1388 1038 τρίγωνον

38 1059 41 1061 ’
65 1055 88 1097 ὸ
113 1057 241 1096 ΕΒΑ
267 1061 326 1112 τῷ
353 1055 477 1096 εἴδει·
510 1056 640 1108 λόγος
665 1054 749 1108 ἄρα
774 1059 850 1108 τῆς
875 1056 959 1095 ΕΒ
984 1053 1095 1108 πρὸς
1114 1056 1196 1095 ΒΑ
1222 1053 1387 1104 δοθείς.

4 1188 180 1246 ”»οὕτως
209 1197 258 1239 τὸ
289 1196 376 1239 ὑπὸ
407 1199 505 1251 ΕΒ,
531 1198 625 1238 ΑΓ
648 1197 758 1252 πρὸς
788 1196 838 1237 τὸ
869 1195 956 1238 ὑπὸ
987 1198 1084 1249 ΒΑ,
1110 1199 1152 1237 A
1162 1198 1220 1238 Γ·
1258 1198 1388 1250 λόγος
1414 1206 1458 1238 15

3 1259 7 1275 ³
26 1268 125 1322 ”ρα
143 1273 223 1310 τοῦ
242 1267 328 1310 ὑπὸ
347 1270 446 1322 ΕΒ,
466 1271 509 1310 Α
519 1269 561 1309 Γ
577 1268 687 1323 πρὸς
705 1268 754 1309 τὸ
773 1266 859 1309 ὑπὸ
879 1269 975 1322 ΒΑ,
995 1270 1038 1308 A
1046 1269 1089 1309 Γ
1107 1267 1269 1317 ὃοθείς.
1306 1273 1387 1310 τοῦ

38 1335 88 1399 j}
113 1338 199 1381 ὑπὸ
225 1342 322 1394 ΕΒ,
343 1343 385 1381 Α
394 1341 436 1381 Γ
453 1339 564 1395 πρὸς
588 1340 637 1381 τὸ
663 1340 803 1380 ΑΒΓ
820 1340 1037 1394 τρίγωνον
1063 1339 1194 1392 λόγος
1218 1339 1386 1389 δοθείς·

0 1407 272 1526 ζδιπλάσιον
309 1410 412 1467 γάρ·
458 1410 534 1452 ἐὰν
572 1411 655 1467 γὰρ
694 1410 767 1452 διὰ
798 1416 887 1452 τῶν
918 1413 974 1464 Α,
1001 1411 1044 1451 Γ
1073 1417 1124 1466 τῇ
1157 1413 1241 1452 ΕΒ
1277 1425 1388 1467 παρ-

33 1482 255 1535 λλήλους
285 1481 517 1537 ἀγάγωμεν
547 1480 620 1523 καὶ
651 1483 714 1524 ἔτι
747 1481 820 1523 διὰ
851 1486 930 1523 τοῦ
962 1483 1000 1522 Β
1031 1487 1083 1537 τῇ
1114 1483 1212 1536 ΕΓ,
1249 1483 1388 1537 δῆλον

0 1529 88 1593 ἷί
67 1566 222 1596 ινεται·
259 1551 333 1595 καὶ
364 1559 443 1595 τοῦ
474 1553 561 1595 ὑπὸ
586 1559 676 1594 τῶν
701 1555 796 1606 ΒΑ,
822 1555 864 1594 Α
874 1553 956 1594 Γ
939 1553 1024 1608 ἄρα
1049 1553 1158 1609 πρὸς
1182 1553 1231 1595 τὸ
1259 1555 1393 1596 ΒΑΓ
1411 1562 1458 1594 20

37 1626 256 1680 ’ρίγωνον
286 1626 416 1678 λόγος
447 1623 538 1666 ἐστὶ
570 1624 733 1674 δοθειᾭς

135 1779 213 1811 132.
240 1775 584 1820 PlVat.Ambr.00.
629 1775 708 1821 Fig.
731 1774 871 1810 addidi.

134 1945 164 1977 1.
193 1939 396 1977 διπλασίων
421 1941 460 1976 Ρ.
568 1943 601 1975 8.
626 1940 649 1986 ἡ
671 1940 764 1986 (alt.)
754 1941 781 1988 )]
808 1941 872 1976 καὶ
896 1940 919 1986 ἡ
946 1954 976 1984 ρ.
1082 1941 1135 1987 Ε]
1161 1941 1254 1985 πρὸς
1278 1945 1327 1989 τῷ
1354 1944 1387 1976 Ε

0 1987 164 2034 ἶΑῐιὼιπ
302 1993 357 2024 10.
395 1988 442 2035 ἡ]
482 1999 551 2023 om.
584 1988 691 2024 codd.
831 1992 884 2023 11.
924 1988 1051 2035 EBA]
1096 1990 1201 2023 BEA
1245 1978 1385 2035 Ambr„

0 2034 149 2072 1ΕΒΔ
180 2038 265 2072 cest.
389 2040 443 2071 12.
481 2034 661 2081 τρίγωνον
692 2035 732 2070 τὸ
761 2036 887 2081 ΕΒΑ]
922 2037 1027 2070 ΕΒΑ
1051 2034 1232 2081 τρίγωνον
1257 2036 1383 2072 Ambr.

24 2126 27 2127 ⁷
87 2087 142 2119 15.
170 2083 300 2131 οὕτως]
328 2097 415 2119 omo
434 2083 556 2118 PVat.
657 2083 698 2118 τὸ
723 2082 797 2118 ὑπό
814 2082 893 2127 (alt.
895 2083 924 2142 )]
949 2088 1014 2118 τοῦ
1040 2083 1080 2118 Ρ.
1196 2087 1271 2129 ΒΑ,
1291 2084 1384 2131 ΑΓ]

22 2136 112 2172 «τῶν
144 2134 226 2175 BA,
251 2134 325 2166 ΑΓ
357 2130 482 2166 Ambr.
618 2134 671 2165 17.
710 2132 821 2165 ΑΒΓ
847 2128 1044 2177 τρίγωνον]
1081 2133 1221 2166 ΑΒΓΔ
1257 2131 1384 2167 Ambr.

26 2182 42 2218 ”,
89 2181 143 2213 18.
183 2178 249 2214 ἐὰν
280 2177 374 2225 γάρ]
414 2189 524 2223 supra
557 2178 642 2213 add.
675 2190 722 2212 m.
756 2181 775 2212 2
809 2177 1151 2213 a.19.Post
1187 2178 1385 2225 ἀγάγωμεν

38 2236 155 2272 habet
185 2236 252 2278 τάς
282 2237 408 2272 Ambr.
442 2239 480 2272 et
512 2237 551 2271 in
582 2237 652 2271 hoc
684 2235 750 2277 τάς
782 2236 920 2272 desinit
949 2237 1068 2273 adscr.
1098 2233 1185 2272 λειπ
1178 2254 1196 2270 .
1317 2252 1337 2273 τ
1340 2239 1384 2285 ῇ]

29 2294 110 2324 ι0111.
138 2297 167 2320 σ.
254 2288 310 2320 20.
338 2288 402 2319 ΒΑ
428 2306 472 2310 -
500 2285 627 2331 ΒΑΓ]
655 2295 725 2319 om.
752 2297 783 2328 ρ.
867 2287 943 2329 BA,
963 2285 1054 2332 ΑΓ]
1082 2288 1197 2321 ΔΒΓ
1217 2297 1247 2320 σ.
1327 2290 1384 2320 21.

27 2330 135 2378 ἐστὶ]
161 2343 231 2367 om.
259 2343 288 2367 σ.
