1520 2508
555 65 882 100 PROLEGOMEN
884 64 926 99 A.
1299 60 1417 97 XLIII

70 163 203 212 legisse
222 164 334 208 atque
353 172 517 206 causam,
544 171 657 206 quam
677 159 808 195 abesse
827 157 959 204 noluit,
985 169 1086 194 more
1106 156 1285 193 Eucliden
1305 166 1414 203 prae-

71 216 230 260 misisse3
255 227 290 251 u.
309 227 345 261 p.
365 214 451 249 XVI
476 215 515 249 et
539 213 653 249 schol.
674 225 729 248 nr.
753 216 830 248 188.

161 268 378 316 priusquam
398 267 447 302 ad
465 266 575 302 unius
593 266 655 302 uel
674 265 832 301 duorum
850 265 1119 301 uocabulorum
1139 263 1413 307 additamenta,

71 334 164 370 quae
189 322 228 356 111
252 320 443 357 codicibus
469 319 670 355 Theoninis
696 319 1019 365 deprehendimus,
1045 320 1207 363 transeo,
1233 329 1308 353 non
1327 327 1414 363 pos·

72 388 152 413 sum
175 386 249 410 non
273 373 395 418 fateri,
421 373 462 409 id
486 384 603 419 genus
628 372 830 419 plurimum
855 372 995 408 habere
1021 370 1281 415 dubitationis,
1307 380 1414 415 prae-

71 428 199 466 sertim
235 439 318 463 cum
348 438 486 473 magna
518 426 771 472 exemplorum
808 426 916 471 copia
946 425 987 460 in
1018 436 1062 461 ea
1094 425 1276 461 Datorum
1305 424 1414 470 parte

69 481 290 527 inueniatur,
310 480 377 516 ubi
396 479 522 516 codice
540 480 565 515 b
586 478 759 515 destituti
779 491 916 524 sumus,
937 480 1050 524 atque
1069 478 1170 513 idem
1188 476 1417 512 uocabulum

70 535 144 572 alio
169 535 250 571 loco
276 534 448 579 addatur,
475 532 550 568 alio
576 543 694 577 eoque
720 532 911 568 simillimo
938 531 1144 568 omittatur.
1190 532 1360 566 attamen
1382 529 1415 565 si

69 589 151 635 quis
182 590 221 624 et
243 589 364 623 totam
388 585 614 623 recensionis
639 586 854 622 Theoninae
879 585 1064 621 rationem
1096 583 1352 620 considerabit
1376 585 1416 619 et

68 642 260 678 licentiam
291 641 452 677 Theonis
489 640 760 685 libidinemque
796 638 1005 685 reputabit,
1043 637 1155 673 facile
1194 637 1415 682 adducetur,

67 707 142 732 non
165 706 286 742 pauca
310 694 412 730 illius
438 694 584 740 generis
611 693 646 730 ei
670 692 919 728 adscribenda
945 703 1036 728 esse.
1073 691 1260 727 neminem
1287 692 1416 726 autem

69 749 247 794 offendet,
279 748 379 794 quod
411 758 473 783 eos
504 747 623 792 locos,
654 747 721 782 ubi
752 745 939 782 uocabula
964 745 1032 781 illa
1061 745 1200 781 omissa
1232 746 1334 789 sunt,
1366 755 1414 780 ne

68 804 200 849 postea
231 802 280 837 ad
305 813 350 837 ea
377 801 498 837 redire
524 812 691 847 cogerer,
723 811 743 835 e
768 799 931 846 uestigio
958 799 1090 834 addidi
1101 800 1137 845 ¹).
1188 797 1414 844 incipiamus

69 855 185 902 igitur
209 867 231 891 a
256 854 513 891 substantiuis.

70 919 220 960 σημεῖον
245 914 329 949 add.
348 913 374 949 b
404 925 439 959 p.
462 916 542 959 198,
563 917 600 959 5,
634 925 656 948 a
686 926 723 959 p.
744 916 799 958 58,
822 916 882 957 10;
915 924 985 948 om.
1008 924 1030 948 a
1055 925 1090 958 p.
1112 916 1192 958 200,
1213 916 1245 948 1.

67 966 215 1014 γραμμή
241 967 324 1003 add.
347 978 369 1002 a
393 979 428 1013 p.
450 971 506 1012 50,
528 970 590 1011 153
618 970 696 1012 176,
718 970 750 1012 5,
772 971 832 1010 14,
860 970 938 1011 178,
961 970 1021 1011 163
1050 969 1128 1011 182,
1150 970 1187 1010 13
1215 969 1293 1010 184,
1315 968 1372 1000 27.

68 1022 200 1056 εὐθεῖα
225 1020 310 1056 add.
324 1021 349 1056 b
373 1033 410 1066 p.
425 1024 481 1065 58,
496 1023 536 1064 53
563 1024 618 1064 64,
633 1024 696 1064 213
716 1022 773 1065 88,
788 1024 826 1064 6,
853 1030 875 1055 a
900 1032 935 1065 p.
950 1023 1006 1065 44,
1023 1023 1084 1064 173
1111 1021 1244 1055 εὐθεῖα
1263 1018 1414 1066 γραμμή

115 1073 200 1108 add.
221 1084 243 1108 a
267 1085 302 1118 p.
326 1077 403 1118 192,
423 1077 487 1117 21,
514 1074 647 1108 εὐθεῖα
673 1084 743 1108 om.
764 1073 788 1108 b
814 1085 850 1118 p.
871 1076 927 1117 66,
948 1076 986 1117 33
1015 1076 1094 1118 152,
1111 1077 1172 1118 11,
1199 1084 1221 1108 a
1245 1085 1280 1119 p.
1296 1076 1353 1118 48,
1374 1077 1414 1118 53

115 1130 171 1171 52,
192 1130 231 1170 6,
257 1130 312 1171 54,
335 1130 395 1170 15,
423 1130 502 1171 176,
525 1130 578 1161 15.

69 1181 184 1226 γωνία
203 1180 287 1215 add.
308 1180 333 1215 b
351 1191 387 1225 p.
404 1183 582 1225 72,6,13;
610 1183 743 1226 80,14;
771 1182 881 1224 82,5,
907 1181 963 1224 88,
981 1182 1040 1224 10,
1063 1183 1141 1224 116,
1157 1179 1256 1225 21’),
1279 1182 1413 1226 118,4,

116 1236 270 1277 200,12;
296 1236 376 1277 208,
391 1236 453 1277 23,
480 1236 614 1278 210,9,
641 1237 720 1278 212,
736 1236 797 1278 25,
824 1243 894 1268 om.
914 1245 949 1278 p.
965 1236 1020 1277 88,
1038 1236 1097 1277 11,
1120 1237 1250 1279 122,7,
1280 1237 1359 1279 154,
1379 1237 1414 1270 1.

66 1285 207 1330 πλευρά
232 1286 318 1321 add.
338 1285 363 1320 b
388 1298 423 1332 p.
445 1289 501 1330 96,
524 1289 585 1331 14,
617 1297 687 1322 om.
713 1299 749 1332 p.
772 1290 850 1331 128,
872 1289 932 1330 13;
960 1290 1039 1332 154,
1060 1290 1115 1322 25.

65 1340 244 1384 τρίγωνον
264 1339 349 1375 add.
364 1339 389 1373 b
413 1351 449 1384 p.
466 1341 520 1383 88,
539 1343 600 1383 2ο,
623 1343 778 1385 116,11;
801 1343 956 1385 120,16;
979 1343 1056 1384 136,
1072 1343 1109 1385 5,
1136 1351 1206 1377 om.
1227 1353 1262 1386 p.
1280 1344 1357 1386 122,
1373 1344 1413 1386 3,

115 1396 192 1436 134,
213 1395 274 1436 20,
302 1395 380 1437 152,
401 1396 455 1427 20.

65 1446 200 1491 χωρίον
225 1445 310 1481 add.
331 1445 355 1481 b
379 1458 414 1491 p.
438 1449 516 1490 114,
538 1449 593 1481 20.

65 1498 197 1539 κύκλος
222 1498 307 1534 add.
329 1500 350 1546 β
374 1511 410 1544 p.
431 1503 462 1544 2,
486 1502 554 1543 19,
577 1505 642 1535 τοῦ
668 1499 804 1535 κύκλου
831 1510 901 1535 om.
923 1511 946 1535 a
970 1513 1004 1546 p.
1028 1504 1105 1545 176,
1128 1505 1170 1537 16
1182 1501 1219 1547 ³).

65 1550 285 1598 περιφέρεια
310 1552 395 1587 add.
417 1563 439 1587 a
464 1565 499 1598 p.
523 1556 603 1598 192,
625 1556 680 1598 15,
707 1553 903 1599 διάμετρος
927 1567 961 1600 p.
985 1557 1064 1599 186,
1085 1558 1116 1590 5.

66 1604 225 1651 μέγεθος
249 1605 333 1640 add.
355 1616 378 1640 a
401 1618 436 1651 p.
458 1609 514 1650 20,
536 1609 590 1641 10.

65 1661 170 1704 λόγος
194 1657 279 1693 add.
299 1658 324 1693 b
349 1671 384 1704 p.
406 1662 485 1704 218,
507 1663 567 1704 14,
601 1671 624 1694 a
647 1672 683 1706 p.
705 1663 760 1704 26,
781 1663 819 1703 3,
852 1671 922 1695 om.
946 1672 968 1696 a
991 1674 1026 1706 p.
1049 1665 1103 1706 10,
1123 1665 1184 1706 19,
1210 1665 1266 1706 40,
1290 1665 1344 1698 14.

163 1728 207 1752 ex
231 1716 386 1762 reliquis
413 1718 681 1753 additamentis
706 1731 741 1764 p.
758 1722 836 1764 162,
851 1723 871 1754 5
899 1717 1007 1755 οὖσαι
1031 1720 1216 1757 inutiliter
1240 1722 1414 1757 additum

65 1769 208 1806 Theoni
233 1770 360 1807 deberi
385 1770 535 1806 uidetur
558 1783 678 1817 neque
703 1772 826 1807 minus
851 1785 886 1819 p.
908 1777 969 1819 66,
994 1778 1014 1808 2
1040 1774 1168 1818 αὐτήν.
1206 1788 1240 1821 p.
1262 1779 1342 1821 210,
1366 1780 1412 1812 14

64 1823 377 1869 praepositionem
409 1823 538 1871 (μετά)
577 1826 821 1871 repetendam
852 1837 933 1862 esse
963 1826 1157 1864 iudicauit.
1213 1842 1248 1874 p.
1276 1832 1338 1874 56,
1368 1834 1413 1865 14

67 1875 263 1922 δεδομένος
292 1877 420 1913 deesse
453 1877 591 1923 noluit,
630 1879 730 1924 quod
754 1878 928 1915 Euclides
960 1883 1003 1927 τῇ
1034 1879 1158 1927 θέσει,
1195 1894 1270 1918 11011
1301 1884 1411 1919 θέσει

160 2009 193 2053 1)
223 2008 267 2043 111
295 2009 366 2044 hac
397 2008 662 2055 disputationis
693 2011 801 2055 parte
840 2011 888 2046 ab
922 2011 1102 2057 exemplis
1134 2023 1179 2048 ex
1209 2013 1234 2047 b
1267 2013 1408 2049 adlatis

66 2054 166 2090 locos
192 2055 329 2091 codicis
355 2067 377 2091 a
402 2056 617 2092 existimaui
642 2057 869 2103 separandos
897 2069 988 2094 esse.

159 2104 194 2148 2)
219 2104 356 2149 ymnglaxv
381 2104 428 2139 ab
448 2103 602 2139 Euclide
629 2104 707 2140 sine
731 2104 845 2140 dubio
872 2105 1051 2151 scriptum
1083 2109 1121 2143 et
1144 2107 1184 2143 in
1205 2109 1409 2155 archetypo

65 2149 171 2185 codd.
203 2149 386 2186 PVat.vb
424 2152 603 2186 omissum
633 2152 762 2187 Theon
792 2153 878 2198 post
910 2151 1012 2200 ἔχον,
1049 2154 1225 2191 librarius
1264 2157 1344 2193 cod.
1378 2157 1410 2191 P

65 2198 152 2232 ante
179 2195 265 2243 ἔχον
292 2198 448 2234 addidit.

66 2289 75 2297 ⁸
157 2246 192 2290 3)
217 2250 282 2280 τοῦ
308 2245 443 2282 κύκλου
473 2258 508 2292 p.
532 2250 615 2291 174,
642 2251 687 2282 24
718 2246 759 2281 111
784 2258 807 2282 a
839 2247 1011 2284 additum
1041 2251 1192 2296 propter
1217 2251 1335 2287 Vat.v
1366 2252 1408 2287 111

63 2291 414 2338 interpolationibus
439 2295 526 2330 ante
552 2294 741 2330 Theonem
765 2294 856 2330 ortis
882 2297 1167 2333 numerauerim.
