1520 2508
150 89 204 129 12
677 90 942 125 AEAOMENA.

149 186 258 236 ληλα
289 186 421 237 λόγον
452 186 604 238 ἔχοντα
636 182 885 238 δεδομένον·
927 183 1058 238 λέγω,
1089 184 1155 226 ὅτι
1185 184 1256 226 καὶ
1290 186 1393 228 ὅλον
1421 186 1470 230 τὸ
1504 187 1505 192 ’

148 256 235 294 AB
265 254 374 308 πρὸς
398 252 600 306 ἑκάτερον
623 260 711 295 τῶν
736 256 778 294 A
786 255 835 307 Γ,
855 255 935 295 ΓΒ
961 255 1093 307 λόγον
1117 256 1202 308 ἔχει
1227 254 1471 309 δεδομένον.»
1505 258 1507 263 ’

239 322 447 364 ἐκκείσθω
479 323 560 377 γὰρ
593 321 827 377 δεδομένον
857 322 1040 377 μέγεθος
1070 324 1118 364 τὸ
1136 314 1240 365 ’ΔΕ.
1285 323 1358 365 καὶ
1382 323 1472 368 ἐπεὶ
1508 320 1520 383 ξ

152 393 279 444 λόγος
315 390 404 433 ἐστὶ
440 398 518 433 τοῦ
549 394 641 433 ΑΓ
670 393 778 448 πρὸς
809 394 888 434 ΓΒ
927 393 1094 447 δοθείς,
1137 393 1160 435 ὁ
1197 393 1327 442 αὐτὸς
1357 393 1471 451 αὐτῷ
1511 384 1516 398 ⁴

104 468 127 499 5
150 462 404 515 πεποιήσθω
447 462 471 503 ὁ
513 467 591 504 τοῦ
616 462 724 504 ’ΔΕ
761 463 869 518 πρὸς
910 465 1005 503 ΕΖ.
1077 462 1101 504 ὁ
1144 463 1227 518 ἄρα
1269 468 1347 504 τοῦ
1386 466 1476 506 ΛΕ
1516 513 1518 517 ¹

150 532 259 586 πρὸς
288 534 371 573 ΕΖ
402 533 530 585 λόγος
561 530 649 573 ἐστὶ
681 532 847 581 δοθείς·
878 529 1015 573 δοθὲν
1045 529 1093 573 δὲ
1123 532 1171 573 τὸ
1201 535 1306 574 ΛΕ·
1339 530 1476 575 δοθὲν
1512 523 1520 592 5}

152 602 235 655 ἄρα
271 599 343 642 καὶ
380 602 428 643 τὸ
459 603 559 642 ΕΖ·
603 600 674 642 καὶ
712 601 815 643 ὅλον
851 602 934 655 ἄρα
970 603 1018 643 τὸ
1048 604 1136 643 ΔΖ
1173 601 1308 644 δοθέν
1346 602 1474 645 ἐστιν.
1517 600 1520 649 1

153 673 242 712 ἔστι
275 668 322 712 δὲ
353 667 555 726 ἑκάτερον
586 670 674 712 τῶν
700 674 801 725 ΔΕ,
826 674 909 713 ΕΖ
941 670 1094 713 δοθέν·
1120 673 1253 725 Δλόγος
1283 673 1367 727 ἄρα
1397 677 1475 714 τοῦ
1519 679 1520 706 3

152 743 239 782 AZ
275 741 385 796 πρὸς
420 738 621 795 ἑκάτερον
658 748 745 782 τῶν
780 744 887 794 ΔΕ,
918 743 1000 782 ΕΖ
1044 741 1203 790 δοθείς.
1272 740 1345 783 καὶ
1387 740 1480 783 ἐπεί
1517 750 1520 755 “

82 817 128 850 10
154 809 272 852 ἐστιν
303 810 361 859 ὡς
391 810 439 851 τὸ
470 812 563 851 ΑΓ
592 811 701 865 πρὸς
733 812 831 864 ΓΒ,
875 810 1012 860 οὕτως
1041 811 1089 852 τὸ
1120 814 1211 852 ΛΕ
1242 812 1351 866 πρὸς
1379 814 1476 866 ΕΖ,
1518 799 1520 825 ³

152 877 362 921 συνθέντι
397 879 456 929 ὡς
486 880 533 921 τὸ
558 882 643 920 AB
674 881 783 935 πρὸς
812 881 860 921 τὸ
886 882 981 934 ΒΓ,
1013 880 1151 929 οὕτως
1180 882 1227 922 τὸ
1252 884 1339 922 ΔΖ
1369 882 1478 938 πρὸς
1518 899 1520 902 ’

154 952 253 990 ΖΕ·
284 947 357 990 καὶ
388 948 705 1004 ἀναστρέψαντι
736 949 794 999 ὡς
817 951 865 991 τὸ
890 952 975 991 AB
1005 950 1114 1004 πρὸς
1138 951 1186 992 τὸ
1211 953 1310 1004 ΛΓ,
1341 951 1479 1001 οὕτως

151 1019 201 1060 τὸ
231 1022 274 1060 Δ
284 1021 319 1059 Ζ
349 1018 458 1073 πρὸς
487 1021 586 1059 ΔΕ.
635 1017 707 1059 καὶ
738 1016 827 1060 ἐπεὶ
858 1018 917 1068 ὡς
946 1020 994 1060 τὸ
1021 1022 1066 1060 Δ
1074 1021 1108 1059 Ζ
1138 1020 1246 1074 πρὸς
1276 1018 1501 1075 ἑκάτερον

155 1095 244 1130 τῶν
285 1090 393 1142 ΔΕ,
427 1090 529 1141 ΕΖ,
578 1087 715 1137 οὕτως
763 1089 811 1129 τὸ
853 1091 938 1129 AB
988 1089 1095 1143 πρὸς
1143 1087 1344 1144 ἑκάτερον
1391 1097 1480 1131 τῶν

86 1167 129 1198 15
154 1159 255 1211 ΑΓ,
282 1159 383 1211 ΓΒ,
421 1159 548 1210 λόγος
578 1158 661 1213 ἄρα
691 1155 763 1198 καὶ
793 1162 871 1198 τοῦ
902 1160 987 1198 ΑΒ
1024 1158 1132 1213 πρὸς
1162 1156 1363 1214 ἑκάτερον
1393 1166 1480 1201 τῶν

153 1231 197 1269 Λ
205 1229 253 1281 Γ,
280 1229 359 1269 ΓΒ
391 1227 551 1276 δοθείς.
824 1284 833 1298 r

241 1366 342 1409 Ἐὰν
373 1365 608 1420 δεδομένον
638 1365 821 1420 μέγεθος
851 1367 912 1415 εἰς
942 1365 1176 1420 δεδομένον
1207 1369 1338 1420 λόγον
1369 1367 1481 1408 διαι-

156 1441 280 1493 ρεθῇ,
313 1434 514 1491 ἑκάτερον
544 1442 631 1477 τῶν
661 1435 894 1489 τμημάτων
926 1434 1159 1490 δεδομένον
1190 1435 1316 1477 ἐστίν.

86 1514 132 1545 20
245 1504 481 1560 δεδομένον
505 1504 587 1559 γὰρ
613 1502 796 1559 μέγεθος
820 1505 868 1546 τὸ
888 1507 973 1546 ΑΒ
1004 1506 1065 1554 εἰς
1090 1504 1325 1560 δεδομένον
1349 1507 1480 1558 λόγον

159 1577 386 1631 διῃρήσθω
418 1575 495 1616 τὸν
525 1579 603 1615 τοῦ
634 1578 676 1615 Α
685 1576 726 1615 Γ
749 1574 857 1629 πρὸς
888 1575 984 1616 ΓΒ·
1023 1573 1153 1629 λέγω,
1184 1575 1249 1616 ὅτι
1280 1573 1481 1630 ἑκάτερον

158 1652 247 1687 τῶν
277 1643 479 1701 ΑΓ,ΞΓΒ
512 1643 648 1685 δοθέν
679 1643 806 1685 ἐστιν.

246 1713 335 1756 ἐπεὶ
378 1714 460 1769 γὰρ
504 1715 632 1766 λόγος
674 1712 763 1755 ἐστὶ
805 1718 883 1755 τοῦ
922 1715 1014 1769 ΑΓ
1049 1714 1156 1768 πρὸς
1196 1715 1275 1755 ΓΒ
1319 1714 1481 1768 δοθείς,

157 1787 285 1838 λόγος
320 1785 404 1839 ἄρα
440 1781 512 1825 καὶ
546 1788 623 1825 τοῦ
654 1785 740 1824 ΑΒ
776 1783 884 1838 πρὸς
920 1781 1121 1838 ἑκάτερον
1157 1789 1244 1824 τῶν
1274 1786 1373 1837 ΑΓ,
1400 1785 1479 1825 ΓΒ

251 1914 283 1946 4.
310 1909 430 1956 λόγος]
455 1907 581 1949 λοίπος
606 1908 685 1954 (sic)
711 1919 742 1943 a.
844 1908 884 1943 τὸ
911 1911 976 1942 ΓΒ
1006 1918 1068 1942 va.
1171 1909 1295 1948 αὐτοῖς
1319 1919 1351 1943 a.
1448 1911 1480 1943 5.

156 1957 198 1992 τὸ
227 1959 296 1992 ΕΖ
322 1967 354 1992 a.
451 1956 470 1991 ὁ
497 1955 569 1999 ἄρα
588 1975 632 1981 -—
654 1959 685 1991 6.
712 1953 800 2001 ἐστί]
826 1954 930 1999 λόγος
955 1954 1026 1998 ἄρα
1052 1954 1114 1990 καὶ
1138 1959 1203 1989 τοῦ
1229 1957 1301 1989 ΛΕ
1325 1954 1416 1998 πρὸς
1440 1954 1481 1989 τὸ

159 2006 228 2038 ΕΖ
254 2015 286 2038 a.
395 2007 426 2038 6.
454 2000 549 2037 ἐστίν
574 2001 643 2036 Pv.
752 2005 782 2036 8.
811 2001 905 2036 ἔστιν
931 2000 999 2035 Pv.
1095 1998 1136 2035 δὲ
1161 1999 1224 2036 καί
1249 2012 1282 2036 a.
1377 2000 1482 2045 λόγος

157 2071 200 2077 -
219 2054 273 2085 16.
292 2048 437 2095 δοθείς]
464 2048 536 2092 ἄρα
561 2048 670 2093 λόγον
694 2047 766 2093 ἔχει
785 2046 1001 2092 δεδομένον·
1027 2047 1076 2087 ὡς
1095 2046 1134 2082 δὲ
1154 2047 1244 2091 πρὸς
1264 2050 1344 2091 ΕΖ,
1369 2046 1484 2087 οὕτως

157 2097 197 2131 τὸ
222 2099 287 2130 AB
318 2096 409 2139 πρὸς
441 2094 613 2139 ἑκάτερον
643 2100 715 2130 τῶν
739 2097 818 2138 ΑΓ,
839 2097 919 2129 ΓΒ·
952 2094 1014 2129 καὶ
1038 2093 1078 2128 τὸ
1103 2097 1168 2128 ΑΒ
1194 2094 1284 2138 πρὸς
1310 2092 1481 2136 ἑκάτερον

157 2149 229 2179 τῶν
260 2145 339 2185 ΑΓ,
367 2145 431 2177 ΓΒ
465 2142 570 2186 λόγος
601 2141 674 2175 ἐστὶ
705 2139 833 2181 δοθείς
863 2151 895 2176 a,
1015 2143 1045 2175 8.
1078 2140 1182 2185 λόγος
1206 2161 1248 2166 -
1277 2143 1306 2175 9.
1338 2138 1480 2185 domis]

159 2200 269 2234 supra
294 2188 378 2223 add.
398 2201 444 2223 m.
466 2192 486 2222 3
512 2200 544 2223 v.
626 2191 680 2222 10.
706 2188 768 2233 ὡς]
795 2187 878 2222 add.
898 2198 944 2221 m.
966 2190 986 2220 2
1011 2186 1095 2221 Vat.
1182 2190 1235 2221 11.
1262 2185 1354 2221 οὕτω
1379 2186 1462 2221 Vat.

158 2236 248 2271 item
273 2235 337 2269 lin.
365 2239 418 2270 12.
524 2237 578 2269 13.
604 2234 644 2268 τὸ
670 2236 743 2269 ΔΕ
767 2234 851 2269 Vat.
955 2235 1008 2268 19.
1035 2231 1146 2279 ἐστίν]
1173 2232 1270 2267 ἔσται
1295 2234 1326 2279 β.
1424 2235 1479 2267 21.

158 2282 199 2318 τὸ
227 2284 293 2317 ΓΒ
319 2292 350 2316 a.
448 2284 502 2316 23.
531 2281 611 2326 ΓΒ]
637 2280 677 2315 τὸ
704 2283 776 2315 ΒΓ
795 2291 827 2316 a.
924 2283 978 2315 24.
1005 2277 1083 2326 καί]
1110 2290 1177 2315 om.
1204 2279 1287 2314 vat.
