1520 2508
104 848 148 878 10

103 1251 146 1282 15

102 1597 147 1628 20

102 1943 145 1973 25

140 2190 143 2193 .
217 2163 305 2209 ἄρα]
332 2175 400 2198 om.
427 2164 462 2199 b.
571 2168 602 2200 9.
629 2163 758 2204 λοιπὰς
782 2163 854 2207 ἄρα
879 2164 914 2198 b.
1024 2167 1076 2199 10.
1103 2162 1260 2207 προτέρα
1285 2162 1488 2210 ἀποδείξει]

173 122 260 174 204
630 112 632 114 ’
717 125 987 160 APPENDIX.-

174 217 496 271 ἀναγεγράφθω
546 218 600 272 δὴ
649 217 732 260 ἀπὸ
778 225 852 272 τῆς
896 221 985 260 ΚΛ
1031 220 1303 275 τετράγωνον
1349 218 1397 262 τὸ
1455 233 1491 279 ’Λ

174 285 347 328 δέδοται
383 287 466 342 ἄρα
502 287 550 328 τὸ
582 286 621 334 Ξ
653 293 712 344 τῷ
751 288 873 329 εἴδει·
917 290 1044 342 λόγος
1079 289 1163 344 ἄρα
1199 294 1276 330 τοῦ
1306 292 1356 330 Ν
1389 290 1519 345 περ’

174 356 221 396 τὸ
253 355 293 402 Ξ
325 356 485 405 δοθείς.
546 353 682 398 δοθὲν
714 354 763 398 δὲ
792 357 841 398 τὸ
873 360 936 398 Ν·
980 355 1115 399 δοθὲν
1146 359 1229 414 ἄρα
1258 356 1331 399 καὶ
1361 359 1408 400 τὸ
1440 357 1482 406 Ξ

174 425 356 466 δοθεῖσα
386 426 470 479 ἄρα
501 424 619 467 ἐστὶν
647 426 673 479 ἡ
698 427 793 467 ΚΛ.
842 427 931 468 ἔστι
956 424 1004 468 δὲ
1027 425 1099 468 καὶ
1124 426 1150 481 ἡ
1174 429 1267 468 ΗΘ
1298 427 1485 482 δοθεῖσα

173 495 300 546 λόγος
336 494 420 549 ἄρα
457 493 546 536 ἐστὶ
583 500 658 548 τῆς
693 497 786 536 ΗΘ
821 496 929 550 πρὸς
963 496 1043 549 τὴν
1080 498 1168 537 ΚΛ
1204 497 1364 545 δοθείς.
1424 511 1494 538 u»

174 562 291 604 ἐστιν
322 563 380 612 ὡς
410 563 436 617 ἡ
461 566 554 604 ΗΘ
583 565 691 619 πρὸς
721 565 801 617 τὴν
831 566 928 618 ΚΛ,
959 565 1096 614 οὕτως
1126 564 1152 618 ἡ
1180 567 1258 606 ΓΔ
1286 566 1395 620 πρὸς
1418 580 1442 606 τ
1482 585 1487 598 ¹

173 635 272 673 ΕΖ·
317 634 445 685 λόγος
486 634 570 688 ἄρα
612 632 685 675 καὶ
722 639 797 687 τῆς
834 635 913 675 ΓΔ
953 634 1064 689 πρὸς
1097 635 1176 688 τὴν
1212 637 1294 676 ΕΖ
1337 635 1517 684 δοθείς

173 703 248 743 καί
270 701 387 743 ἐστιν
412 702 563 758 ὅμοιον
588 702 635 743 τὸ
655 706 698 743 Λ
722 708 780 759 τῷ
802 705 856 743 Β·
887 701 960 744 καὶ
979 703 1027 744 αἱ
1042 701 1189 744 λοιπαὶ
1213 704 1296 758 ἄρα
1315 706 1501 759 πλευραὶ

172 769 281 824 πρὸς
311 770 387 819 τὰς
417 771 569 820 λοιπὰς
598 772 788 827 πλευρὰς
819 773 950 824 λόγον
981 771 1124 822 ἕξουσι
1156 770 1402 826 δεδομένον.
1492 772 1497 827 J

260 839 316 892 μὴ
342 841 448 880 ἔστω
475 840 528 893 δὴ
555 840 723 894 ὅμοιον·
755 840 1011 890 ἀκολούθως
1035 842 1088 895 δὴ
1114 848 1164 896 τῇ
1189 840 1376 898 προτέρᾳ
1395 841 1477 883 ἀπο
1500 890 1503 891 ⁷

173 906 300 957 δείξει
332 914 409 949 τοῦ
440 908 615 963 πρώτου
647 909 878 951 δείκνυται.
1507 899 1511 907 ἰ

804 1026 868 1066 12.

670 1092 738 1134 Ad
768 1106 887 1148 prop.
917 1093 1003 1135 LV.
1041 1147 1044 1150 Δ

669 1168 675 1175 ”
731 1166 933 1223 Ἄλλως.
1162 1208 1164 1210 .

246 1241 387 1284 ’Ἐστω
418 1245 579 1298 χωρίον
609 1244 656 1285 τὸ
682 1245 880 1285 ΚΛΜΝ
883 1243 922 1291 Ξ
949 1243 1188 1298 δεδομένον
1207 1250 1266 1301 τῷ
1293 1245 1397 1287 εῖδει
1426 1238 1498 1287 καὶ

172 1317 231 1368 τῷ
256 1300 447 1366 μεγέθει·
479 1312 603 1367 λέγω,
634 1313 701 1354 ὅτι
726 1311 797 1354 καὶ
822 1313 870 1354 αἱ
891 1311 1073 1368 πλευραὶ
1103 1313 1239 1355 αὐτοῦ
1270 1314 1509 1368 δεδομέναι-

173 1379 256 1422 εἰσὶ
287 1387 345 1437 τῷ
377 1381 562 1436 μεγέθει.
742 1370 749 1375 ’

259 1449 581 1506 ἀναγεγράφθω
601 1452 683 1506 γὰρ
706 1451 788 1493 ἀπὸ
807 1457 882 1505 τῆς
894 1454 958 1493 ’Μ
958 1454 1009 1493 Ν
1024 1452 1295 1506 τετράγωνον
1313 1453 1361 1494 τὸ
1380 1456 1437 1495 Μ
1441 1456 1495 1496 0·

172 1517 344 1561 δέδοται
375 1521 459 1575 ἄρα
495 1527 554 1576 τῷ
586 1521 702 1562 εἴδει.
763 1520 872 1562 ἀλλὰ
908 1519 980 1562 καὶ
1016 1522 1063 1562 τὸ
1096 1523 1207 1562 AN·
1250 1523 1378 1575 λόγος
1413 1523 1510 1578 ἄρα

172 1587 261 1630 ἐστὶ
292 1594 370 1630 τοῦ
402 1591 499 1631 ΛΝ
523 1591 631 1643 πρὸς
661 1591 708 1631 τὸ
741 1593 839 1631 Mo
870 1590 1031 1639 δοθείς.
1086 1588 1223 1632 δοθὲν
1254 1589 1302 1632 δὲ
1331 1592 1379 1633 τὸ
1406 1594 1502 1634 ΛΝ

170 1663 229 1714 τῷ
260 1655 451 1711 μεγέθει·
493 1656 629 1700 δοθὲν
663 1659 746 1713 ἄρα
776 1657 847 1700 καὶ
878 1660 926 1700 τὸ
957 1661 1014 1700 M
1018 1661 1054 1700 Ο
1088 1665 1146 1715 τῷ
1178 1659 1363 1714 μεγέθει.
1423 1662 1498 1703 καί

172 1725 262 1768 ἐστι
292 1726 563 1783 τετράγωνον
593 1729 641 1769 τὸ
674 1727 756 1770 ἀπὸ
788 1734 863 1781 τῆς
892 1728 1015 1769 ΜΝ·
1047 1726 1182 1769 δοθὲν
1212 1730 1296 1783 ἄρα
1327 1728 1416 1771 ἐστὶ
1445 1730 1511 1775 τὸ

171 1795 254 1837 ἀπὸ
286 1802 360 1850 τῆς
391 1799 513 1838 ΜΝ·
554 1797 735 1838 δοθεῖσα
766 1797 850 1852 ἄρα
882 1795 999 1838 ἐστὶν
1029 1796 1054 1850 ἡ
1086 1800 1195 1838 ΜΝ
1219 1803 1278 1854 τςό
1309 1797 1495 1852 μεγέθει.

171 1865 244 1906 διὰ
280 1865 332 1906 τὰ
368 1865 478 1907 αὐτὰ
515 1866 568 1920 δὴ
605 1865 676 1907 καὶ
713 1864 867 1919 ἑκάστη
898 1873 985 1908 τῶν
1016 1869 1122 1919 ΜΛ,
1148 1868 1256 1919 ΛΚ,
1287 1856 1384 1921 ΚΞ,
1409 1865 1500 1914 ΞΝ

173 1935 355 1976 δοθεῖσά
386 1934 475 1977 ἐστι
506 1941 565 1992 τῷ
597 1934 782 1990 μεγέθει.

266 2029 296 2060 1.
322 2024 615 2071 ἀναγεγράφθω]
641 2023 918 2070 ἀναγέγραπται
935 2025 969 2060 b.
1042 2026 1120 2071 τῆς]
1146 2035 1234 2060 corr.
1256 2036 1300 2060 ex
1318 2031 1390 2061 τῶν
1409 2037 1454 2061 m.
1470 2029 1491 2061 2

171 2071 254 2106 Vat.
353 2075 383 2106 2.
411 2067 516 2118 εἴδει]
542 2070 692 2117 μεγέθει
716 2071 751 2106 b.
846 2075 878 2106 4.
907 2071 993 2117 ἔστι]
1021 2071 1115 2106 ἔστιν
1140 2083 1173 2106 v.
1253 2071 1335 2118 καί]
1361 2083 1430 2107 om.
1455 2072 1491 2109 b.

218 2121 248 2152 ὅ.
276 2117 372 2152 ἐστὶν
391 2117 464 2163 ἄρα
489 2130 522 2153 V.
597 2116 689 2164 ἐστί]
715 2116 778 2152 καί
802 2117 897 2162 Ῡαὺ.,
924 2129 992 2152 om.
1012 2117 1047 2152 b.
1121 2121 1152 2152 8.
1179 2117 1289 2164 ἐστιν]
1316 2129 1384 2153 om.
1404 2118 1488 2153 Vat.

170 2210 292 2256 πρώτῃ
319 2209 430 2252 δείξει
454 2211 488 2245 b.
587 2215 639 2245 17.
667 2209 757 2245 εἰσίν
782 2210 850 2244 Pv.
947 2214 1000 2244 20.
1028 2208 1121 2256 ἐστι’]
1149 2221 1217 2244 om.
1237 2200 1272 2245 b.
1351 2210 1392 2245 τὸ
1412 2211 1495 2245 ΛΝ

171 2276 214 2288 ,-
240 2260 294 2290 21.
322 2257 418 2302 ΜΟ]
440 2268 514 2291 om.
540 2257 574 2292 b.
671 2261 726 2291 21.
752 2254 814 2291 καί
833 2257 928 2302 (pr.)]
955 2267 1064 2301 supra.
1089 2256 1172 2291 add.
1192 2268 1239 2291 m.
1260 2260 1280 2291 2
1306 2268 1338 2291 v.
1435 2259 1490 2291 25.

170 2303 266 2336 Ante
292 2302 365 2336 ἐστι
390 2303 473 2338 add.
500 2303 572 2347 ἄρα
597 2303 631 2337 b.
687 2330 691 2335 .
729 2302 824 2338 ἐστιν
848 2314 881 2337 V.
1104 2326 1113 2334 .
