1520 2508
189 119 276 160 220
729 120 975 155 APPENDIX.
1457 0 1520 164 ῃ

1494 162 1511 194 ὗ

123 273 126 276 Δ
190 213 273 255 ἀπὸ
305 213 637 276 συναμφοτέρου
668 220 744 268 τῆς
773 217 905 256 ΒΑΓ
933 221 1012 257 τοῦ
1042 215 1125 258 ἀπὸ
1156 222 1233 271 τῆς
1261 219 1369 270 ΒΓ,
1403 211 1513 268 §ovd

52 834 163 877 '10

120 1191 163 1223 15

117 1583 163 1615 20

117 1929 162 1961 25

189 283 237 324 τὸ
264 286 307 323 A
337 283 516 338 χωρίον·
547 285 716 336 λόγος’
700 285 783 339 ἄρα
807 290 885 326 τοῦ
910 289 954 326 A
984 287 1147 342 χωρίου
1178 287 1287 342 πρὸς
1311 287 1359 328 τὸ
1381 275 1516 334 ABR

189 353 405 406 τρίγωνον
429 352 590 402 δοθείς.
627 358 705 394 τοῦ
731 351 779 394 δὲ
803 349 940 395 ΑΒΓ
962 356 1071 410 πρὸς
1095 356 1143 397 τὸ
1168 354 1252 397 ὑπὸ
1277 362 1365 397 τῶν
1387 358 1516 406 BAP

188 421 318 473 λόγος
347 419 436 462 ἐστὶ
467 419 618 471 δοθεὶς
649 422 722 463 διὰ
751 423 800 464 τὸ
832 423 1041 466 δοθεῖσαν
1072 421 1183 466 εἶναι
1209 426 1288 479 τὴν
1311 424 1397 467 ὑπὸ
1422 414 1513 490 τῶνξ

190 492 322 543 ΒΑΓ
351 492 534 543 γωνί·αν
576 490 649 532 καὶ
684 498 762 533 τοῦ
799 496 842 533 A
878 494 962 549 ἄρα
997 495 1160 550 χωρίου
1195 495 1304 550 πρὸς
1338 495 1386 536 τὸ
1425 468 1517 545 ὑπὲξ

188 565 275 600 τῶν
306 561 439 600 ΒΑΓ
468 561 596 613 λόγος
633 559 724 602 ἐστὶ
761 561 926 611 δοθείς·
968 568 1046 604 τοῦ
1078 561 1126 604 δε
1154 563 1240 605 ὑπὸ
1270 570 1358 605 τῶν
1387 558 1519 614 ΒΑΗ

187 629 296 681 πρὸς
330 629 379 675 τὸ
416 628 499 670 ἀπὸ
534 635 609 683 τῆς
639 633 727 671 ΒΓ
755 632 883 684 λόγος
919 630 1008 673 ἐστὶ
1046 633 1211 682 δοθείς·
1252 632 1325 674 καὶ
1361 639 1439 674 τοῦ
1467 635 1520 679 Δ

187 698 272 753 ἄρα
301 699 409 753 πρὸς
439 699 488 740 τὸ
519 698 602 740 ἀπὸ
627 705 702 753 τῆς
727 702 816 741 ΒΓ
838 702 965 754 λόγος
996 700 1085 743 ἐστὶ
1116 702 1281 751 δοθείς·
1311 701 1383 744 καὶ
1408 700 1512 763 συν-ζ

187 766 313 809 θέντι
344 769 472 821 λόγος
501 769 585 824 ἄρα
615 775 692 810 τοῦ
718 773 761 810 A
791 773 953 826 χωρίου
983 771 1087 825 μετὰ
1117 778 1195 813 τοῦ
1221 771 1303 814 ἀπὸ
1328 778 1403 826 τῆς
1427 765 1520 828 ΒΓΞ

186 837 296 891 πρὸς
325 837 373 878 τὸ
405 836 489 878 ἀπὸ
519 843 595 891 τῆς
620 840 708 879 ΒΓ
733 837 824 880 ἐστι
854 840 1015 888 δοθείς.
1064 833 1172 882 ἀλλὰ
1203 842 1251 883 τὸ
1276 846 1319 882 A
1349 831 1520 900 xoeolodf

187 907 292 960 μετὰ
321 912 400 947 τοῦ
432 905 514 948 ἀπὸ
538 912 614 961 τῆς
633 909 721 948 ΒΓ
743 908 792 949 τὸ
824 907 907 949 ἀπὸ
935 908 1269 965 συναμφοτέρου
1294 916 1370 965 τῆς
1387 910 1520 961 BAR

188 973 323 1016 ἐστιν·
366 978 494 1029 λόγος
535 977 618 1032 ἄρα
661 982 739 1018 τοῦ
787 976 870 1018 ἀπὸ
908 977 1240 1035 συναμφοτέρου
1276 985 1352 1034 τῆς
1388 980 1520 1033 ΒΑΓΞ

187 1045 374 1100 πρὸς-’τὸ
406 1044 489 1086 ἀπὸ
520 1051 595 1099 τῆς
626 1048 714 1087 ΒΓ
738 1047 904 1096 δοθείς·
940 1048 1048 1089 ὥστε
1077 1047 1149 1089 καὶ
1179 1042 1520 1114 συναμφοτέροΰζ,

188 1119 264 1167 τῆς
281 1116 413 1156 ΒΑΓ
431 1115 539 1170 πρὸς
563 1115 642 1168 τὴν
662 1117 750 1156 ΒΓ
767 1117 895 1168 λόγος
921 1115 1010 1158 ἐστὶ
1035 1117 1195 1167 δοθείς.
1239 1120 1316 1159 καί
1331 1118 1420 1160 ἐστι.
1439 1120 1518 1166 δο-<

188 1187 317 1225 θεῖσα
348 1184 395 1237 ἡ
385 1183 490 1225 ὑπὸ
521 1190 609 1225 τῶν
639 1186 770 1225 ΒΑΓ
793 1187 947 1238 γωνία·
985 1185 1158 1228 δέδοται
1189 1188 1272 1243 ἄρα
1302 1189 1350 1230 τὸ
1382 1188 1520 1231 ΑΒΓ

188 1254 404 1308 τρίγωνον
434 1259 494 1309 τῷ
525 1253 641 1295 εἴδει.

565 1426 708 1483 Uulgo
739 1359 1143 1483 profl).8·LXXXVII.

273 1505 373 1548 Ἐὰν
398 1507 479 1549 δύο
505 1508 674 1549 εὐθεῖαι
700 1507 836 1551 δοθὲν
859 1511 1020 1563 χωρίον
1043 1508 1298 1565 περιέχωσιν
1324 1510 1371 1553 ἐν
1390 1512 1520 1553 δεδο-·Γ

187 1574 294 1630 μένῃ
336 1578 493 1632 γωνίᾳ,
535 1577 583 1617 τὸ
627 1575 675 1618 δὲ
718 1577 800 1619 ἀπὸ
843 1584 919 1631 τῆς
960 1581 1152 1632 μείζονος
1193 1585 1271 1621 τοῦ
1314 1579 1396 1622 ἀπὸ
1437 1570 1520 1640 τῆς,ἐ

188 1644 421 1694 ἐλασσονος
452 1643 630 1687 δοθέντι
660 1648 803 1700 μεῖζον
833 1643 879 1702 ᾗ,
909 1646 980 1688 καὶ
1012 1645 1188 1703 ἑκατέρα
1218 1649 1362 1691 αὐτῶν
1393 1651 1520 1693 ἔσται·

187 1714 381 1756 δοθεῖσα.

275 1783 359 1825 δύο
393 1784 475 1839 γὰρ
513 1783 682 1827 εὐθεῖαι
716 1786 764 1826 αἰ
791 1788 890 1839 ΑΒ,
914 1788 1002 1826 ΒΓ
1032 1784 1167 1828 δοθὲν
1197 1786 1520 1843 περιεχέτωσαν

187 1855 349 1909 χωρίον
379 1853 428 1895 τὸ
454 1855 545 1894 ΑΓ
570 1853 618 1895 ἐν
649 1853 858 1910 δεδομένῃ
889 1857 1027 1911 γωνία
1056 1862 1107 1910 τῇ
1138 1855 1223 1897 ὑπὸ
1254 1863 1342 1898 τῶν
1366 1857 1520 1926 ΑΒΓ,

187 1923 236 1964 τὸ
268 1920 316 1964 δὲ
347 1922 430 1964 ἀπὸ
461 1928 536 1977 τῆς
566 1925 651 1964 ΑΒ
689 1922 866 1966 δοθέντι
902 1927 1045 1978 μεῖζον
1075 1927 1181 1967 ἔστω
1213 1931 1291 1966 τοῦ
1322 1925 1405 1967 ἀπὸ
1435 1926 1520 1980 τῆς·

187 1993 292 2033 ΒΓ·
330 1988 460 2046 λέγω,
491 1992 558 2034 ὅτι
595 1993 777 2035 δοθεῖσά
808 1993 926 2035 ἐστιν
962 1992 1137 2050 ἑκατέρα
1169 2001 1256 2036 τῶν
1287 1997 1392 2049 ΑΒ,
1417 1995 1520 2038 ΒΓ.

280 2076 385 2111 Hanc
409 2077 698 2122 propositionem
722 2088 805 2112 cum
830 2078 997 2122 sequenti
1022 2079 1193 2114 lemmate
1219 2080 1267 2114 ad
1292 2079 1400 2114 finem
1424 2064 1520 2130 libri-5⁵

186 2124 273 2167 post
304 2123 483 2158 scholium
512 2135 565 2158 nr.
593 2128 659 2158 175
690 2124 829 2159 habent
859 2125 977 2160 PVat
1005 2125 1112 2170 wat..
1121 2128 1149 2170 );
1187 2125 1226 2160 in
1256 2126 1339 2161 Vat.
1364 2136 1517 2171 proposffj

185 2169 321 2203 iterum
346 2169 483 2214 legitur
507 2170 555 2205 ad
579 2181 680 2215 prop.
707 2182 757 2208 πς
763 2171 772 2184 ’
798 2182 870 2216 mg.
896 2183 942 2205 m.
968 2182 1037 2206 rec.
1065 2152 1161 2216 (Ῡιαῢ.
1165 2174 1212 2218 ,);
1238 2182 1306 2207 om.
1332 2173 1396 2207 vb.

284 2260 315 2291 1.
349 2256 452 2303 ἔστω]
479 2268 547 2292 orn.
573 2257 608 2292 b.
705 2262 735 2293 2.
769 2258 865 2304 vd<p
867 2259 923 2303 r.)]
951 2269 1019 2293 om.
1045 2259 1141 2303 Vat„
1167 2259 1251 2294 add.
1277 2271 1322 2294 m.
1349 2263 1382 2294 2.
1476 2262 1520 2295 3,;

187 2303 274 2348 τῶν]
299 2308 363 2347 τῆς
387 2303 421 2338 b.
518 2307 549 2338 4.
577 2302 704 2344 δοθείς
729 2304 802 2339 ἐστι
826 2270 865 2339 bp
971 2309 999 2339 7.
1026 2305 1122 2339 Ante
1146 2305 1237 2349 πρός
1260 2305 1344 2340 hab.
1371 2303 1520 2350 γωνίαν
