1520 2508
599 58 604 65 ¹
631 99 770 133 DATA.
1313 93 1372 136 41

645 205 760 248 XXI.

135 281 180 325 Si
210 281 315 323 duae
346 278 663 336 magnitudines
689 278 814 320 datae
840 279 941 318 sunt
972 278 1016 317 et
1041 274 1297 323 adiiciantur
1321 274 1383 316 iis

20 376 21 379 =
47 351 360 410 magnitudines
390 351 503 393 inter
528 363 572 392 se
597 348 811 391 rationem
835 347 1045 389 habentes
1071 346 1227 402 datam,
1258 348 1381 388 totae

42 424 152 467 inter
173 437 220 469 ,se
247 424 321 464 aut
344 421 556 463 rationem
574 419 797 462 habebunt
816 418 972 474 datam,
998 421 1074 460 aut
1094 418 1240 473 altera,
1265 431 1385 460 com-

42 496 191 551 parata
222 507 318 536 eum
350 491 494 547 altera,
526 491 626 533 data
656 490 795 532 maior
826 492 891 532 est
918 504 1046 544 quam
1077 489 1123 530 in
1153 487 1333 530 ratione.
1343 485 1380 543 1)

131 564 217 607 sint
242 563 347 605 duae
373 560 691 619 magnitudines
718 561 842 628 datae
868 562 968 616 ΑΒ,
988 561 1080 615 ΓΔ,
1111 562 1154 602 et
1180 559 1384 602 adiiciam

12 683 13 686 Ἴ
41 639 111 678 1111·
139 635 193 677 iis
218 633 535 691 magnitudines
560 635 659 687 AE,
677 634 765 678 ΤΖ
795 631 1008 674 rationem
1033 631 1241 673 habentes
1266 630 1398 679 inter,

42 721 87 749 se
116 706 270 747 datam.
320 705 428 760 dieo,
455 707 571 746 totas
603 706 699 753 ΕΒ,
726 706 813 745 ΖΔ
841 702 954 744 inter
986 717 1029 744 se
1062 704 1136 744 aut
1166 701 1394 744 rationem.

8 765 11 787 ⁵
42 777 199 820 habere
236 777 398 832 datam,
435 778 509 817 aut
547 775 742 834 alteram,
781 776 1073 830 comparatam
1105 788 1203 815 eum
1234 773 1385 828 altera,

41 848 141 890 data
171 847 377 889 maiorem
408 861 510 899 esse,
533 849 660 901 quam
690 845 737 887 in
766 845 945 895 ratione.

129 933 230 960 nam
256 917 457 973 quoniam
482 920 663 972 utraque
688 916 939 972 magnitudo
960 920 1002 958 A
1010 919 1059 970 Β,
1080 918 1159 959 ΓΔ
1185 915 1285 957 (1313
1303 918 1390 970 est,

0 989 1 1029 J
42 989 127 1031 erit
153 987 265 1030 ratio
297 988 383 1029 AB
404 988 514 1029 :TA
545 987 646 1029 data
677 984 813 1043 [prop.
838 984 890 1043 I].
1041 979 1047 986 ¹

0 1071 1 1075 ’
126 1062 168 1102 61
201 1059 237 1101 si
268 1058 414 1100 eadem
447 1061 512 1099 est
539 1072 587 1100 ac
611 1057 723 1099 ratio
745 1060 836 1099 AE
853 1073 862 1098 :
881 1059 973 1112 ΓΖ,
1005 1058 1088 1100 erit
1114 1058 1246 1100 etiam
1270 1058 1385 1100 ratio

39 1130 176 1173 totius
207 1132 289 1171 ΕΒ
322 1129 374 1171 3(1
405 1132 544 1170 1013111
566 1131 656 1171 ,ΖΔ
687 1129 787 1170 (1313
820 1126 888 1185 [V‚
917 1129 992 1185 123
1023 1128 1103 1171 def.
1131 1127 1186 1186 2].

978 1199 1044 1242 sin
1093 1200 1257 1256 minus,
1305 1201 1389 1243 fiat

41 1247 406 1317 PL——Afs
620 1248 648 1311 <4
787 1246 819 1315 ’.Ε
888 1271 1386 1314 AE2rz=AH2rA.

39 1356 82 1389 Δ
400 1353 435 1386 Γ
692 1353 719 1386 Ζ
809 1349 812 1353 “
885 1341 1031 1397 itaque
1048 1342 1159 1384 ratio
1176 1345 1288 1384 ΗΑ.
1303 1345 1391 1385 ΓΔ

42 1398 414 1440 μ-ῲ-Ι
682 1399 700 1421 *⁴
885 1412 986 1454 data
1005 1416 1071 1454 est
1092 1412 1191 1476 [def.
1208 1413 1266 1476 2].
1310 1414 1386 1456 sed

47 1486 146 1528 data
182 1490 247 1527 est
284 1485 534 1541 magnitudo
568 1486 658 1526 ΓΔ.
721 1484 820 1525 (]313
857 1487 923 1525 est
958 1483 1095 1539 igitu'r
1129 1484 1260 1526 etiam
1290 1487 1394 1527 HA

48 1559 183 1612 [prop.
210 1556 286 1609 11].
350 1571 499 1598 uerum
531 1555 660 1597 etiam
692 1557 779 1596 AB
818 1554 918 1596 data
955 1558 1031 1596 est.
1094 1569 1224 1610 quare
1256 1556 1389 1599 etiam

49 1623 213 1682 reliqua
242 1629 332 1669 ΗΒ
363 1626 463 1668 (1313
493 1629 558 1668 est
589 1625 726 1681 [prop.
752 1624 846 1680 IV].
909 1628 952 1667 et
983 1626 1186 1681 quoniam

292 1695 319 1699 Ἄ
425 1697 995 1753 .EA:ZP=AH:FA,

50 1769 181 1811 etiam
211 1768 321 1811 ratio
353 1758 487 1811 totius
513 1770 610 1810 ΕΗ
637 1768 690 1810 ad
720 1770 858 1810 totam
886 1770 972 1811 ZA
1003 1768 1103 1810 data
1127 1759 1193 1810 est
1219 1766 1292 1826 [V,·
1316 1769 1395 1825 123

51 1839 131 1882 def.
146 1838 202 1897 2].
224 1843 282 1882 »61
301 1840 400 1882 (1313
418 1842 484 1881 est
503 1839 753 1896 magnitudo
768 1841 870 1881 ΗΒ.
903 1853 1005 1895 ergo
1026 1839 1280 1896 magnitudo
1295 1843 1396 1896 ΕΒ,

55 1914 299 1966 comparata
329 1925 424 1953 eum
458 1913 556 1966 ZA‚
592 1910 692 1952 data
722 1909 859 1952 maior
890 1913 956 1952 est
987 1919 1117 1965 quam
1146 1910 1193 1952 in
1213 1911 1395 1968 ‚ratione

50 1980 149 2034 [def.
176 1982 261 2034 11].

647 2028 784 2070 XXII.

142 2097 187 2141 Si
224 2099 330 2145 duae
371 2099 688 2156 magnitudines
734 2099 787 2140 ad
824 2098 1013 2154 aliquam
1049 2101 1395 2157 magnitudinem

0 2205 2 2208 .
34 2169 449 2222 'rationem-habent
480 2165 642 2226 datam,
678 2170 808 2212 etiam
839 2172 1020 2227 utraque
1053 2171 1181 2214 simul
1212 2172 1265 2214 ad
1296 2183 1407 2215 ean·-

52 2241 149 2283 dem
179 2241 390 2283 rationem
418 2240 596 2283 habebit
627 2241 781 2283 datam.

73 2367 77 2372 ,
136 2335 170 2378 1)
191 2344 225 2368 u.
247 2344 350 2379 prop.
364 2332 457 2369 XIV.
502 2333 621 2379 Infig.
636 2333 716 2368 cod.
730 2344 754 2367 v
774 2332 921 2369 litterae
943 2336 984 2379 Γ,
1001 2337 1028 2370 Ζ
1046 2337 1279 2380 permutatae
1295 2337 1394 2371 sunt.
