<?xml version="1.0" encoding="UTF-8"?>
<!DOCTYPE html PUBLIC "-//W3C//DTD XHTML 1.0 Transitional//EN"
    "http://www.w3.org/TR/xhtml1/DTD/xhtml1-transitional.dtd">
<html xmlns="http://www.w3.org/1999/xhtml" xml:lang="en" lang="en">
 <head>
  <title>
</title>
<meta http-equiv="Content-Type" content="text/html;charset=utf-8" />
  <meta name='ocr-system' content='tesseract 3.04.00' />
  <meta name='ocr-capabilities' content='ocr_page ocr_carea ocr_par ocr_line ocrx_word'/>
</head>
<body>
  <div class='ocr_page' id='page_1' title='image "./euclidisoperaomn06eucluoft_0049.png"; bbox 0 0 1520 2508; ppageno 0'>
   <div class='ocr_carea' id='block_1_1' title="bbox 562 56 1419 97">
    <p class='ocr_par' dir='ltr' id='par_1_1' title="bbox 562 56 1419 97">
     <span class='ocr_line' id='line_1_1' title="bbox 562 56 1419 97; baseline -0.007 0"><span class='ocrx_word' id='word_1_1' title='bbox 562 62 932 97; x_wconf 83' lang='lat' dir='ltr'>PROLEGOMENA.</span> <span class='ocrx_word' id='word_1_2' title='bbox 1320 56 1419 92; x_wconf 83' lang='lat' dir='ltr'>XLV</span> 
     </span>
    </p>
   </div>
   <div class='ocr_carea' id='block_1_2' title="bbox 74 151 1425 738">
    <p class='ocr_par' dir='ltr' id='par_1_2' title="bbox 74 151 1425 631">
     <span class='ocr_line' id='line_1_2' title="bbox 75 151 1419 202; baseline -0.009 -4"><span class='ocrx_word' id='word_1_3' title='bbox 75 160 249 198; x_wconf 87' lang='lat' dir='ltr'>addenda</span> <span class='ocrx_word' id='word_1_4' title='bbox 280 158 342 194; x_wconf 92' lang='lat' dir='ltr'>uel</span> <span class='ocrx_word' id='word_1_5' title='bbox 374 157 583 194; x_wconf 87' lang='lat' dir='ltr'>omittenda</span> <span class='ocrx_word' id='word_1_6' title='bbox 613 167 746 202; x_wconf 86' lang='lat' dir='ltr'>parum</span> <span class='ocrx_word' id='word_1_7' title='bbox 777 155 849 190; x_wconf 89' lang='lat' dir='ltr'><strong>sibi</strong></span> <span class='ocrx_word' id='word_1_8' title='bbox 879 156 1054 190; x_wconf 87' lang='lat' dir='ltr'>constans</span> <span class='ocrx_word' id='word_1_9' title='bbox 1084 153 1200 188; x_wconf 88' lang='lat' dir='ltr'>fuisse</span> <span class='ocrx_word' id='word_1_10' title='bbox 1232 151 1419 187; x_wconf 88' lang='lat' dir='ltr'>uideatur.</span> 
     </span>
     <span class='ocr_line' id='line_1_3' title="bbox 76 205 1419 261; baseline -0.007 -11"><span class='ocrx_word' id='word_1_11' title='bbox 76 215 151 261; x_wconf 82' lang='grc' dir='ltr'>ἄρα</span> <span class='ocrx_word' id='word_1_12' title='bbox 174 212 206 248; x_wconf 85' lang='lat' dir='ltr'>si</span> <span class='ocrx_word' id='word_1_13' title='bbox 229 226 264 259; x_wconf 90' lang='lat' dir='ltr'>p.</span> <span class='ocrx_word' id='word_1_14' title='bbox 285 216 349 257; x_wconf 85' lang='lat'>34,</span> <span class='ocrx_word' id='word_1_15' title='bbox 377 215 421 246; x_wconf 88' lang='grc'>16</span> <span class='ocrx_word' id='word_1_16' title='bbox 447 210 620 246; x_wconf 81' lang='lat' dir='ltr'><strong>Euclides</strong></span> <span class='ocrx_word' id='word_1_17' title='bbox 650 209 732 255; x_wconf 87' lang='lat' dir='ltr'>ipse</span> <span class='ocrx_word' id='word_1_18' title='bbox 764 208 908 254; x_wconf 85' lang='lat' dir='ltr'>omisit,</span> <span class='ocrx_word' id='word_1_19' title='bbox 945 208 986 242; x_wconf 90' lang='lat' dir='ltr'>id</span> <span class='ocrx_word' id='word_1_20' title='bbox 1015 207 1133 253; x_wconf 86' lang='lat' dir='ltr'>quod,</span> <span class='ocrx_word' id='word_1_21' title='bbox 1170 205 1260 242; x_wconf 86' lang='lat' dir='ltr'>licet</span> <span class='ocrx_word' id='word_1_22' title='bbox 1291 215 1419 241; x_wconf 91' lang='lat' dir='ltr'>omnes</span> 
     </span>
     <span class='ocr_line' id='line_1_4' title="bbox 75 260 1421 309; baseline -0.007 -5"><span class='ocrx_word' id='word_1_23' title='bbox 75 267 219 305; x_wconf 84' lang='lat' dir='ltr'>codices</span> <span class='ocrx_word' id='word_1_24' title='bbox 245 264 499 309; x_wconf 70' lang='lat' dir='ltr'><strong>consentiant,</strong></span> <span class='ocrx_word' id='word_1_25' title='bbox 523 263 649 299; x_wconf 88' lang='lat' dir='ltr'>nescio</span> <span class='ocrx_word' id='word_1_26' title='bbox 676 273 726 297; x_wconf 90' lang='lat' dir='ltr'>an</span> <span class='ocrx_word' id='word_1_27' title='bbox 749 262 829 298; x_wconf 88' lang='lat' dir='ltr'>iure</span> <span class='ocrx_word' id='word_1_28' title='bbox 855 263 894 298; x_wconf 91' lang='lat' dir='ltr'>in</span> <span class='ocrx_word' id='word_1_29' title='bbox 920 261 1076 297; x_wconf 89' lang='lat' dir='ltr'>dubium</span> <span class='ocrx_word' id='word_1_30' title='bbox 1100 260 1244 305; x_wconf 84' lang='lat' dir='ltr'>ueniat,</span> <span class='ocrx_word' id='word_1_31' title='bbox 1270 260 1372 296; x_wconf 88' lang='lat' dir='ltr'>idem</span> <span class='ocrx_word' id='word_1_32' title='bbox 1398 271 1421 294; x_wconf 88' lang='lat' dir='ltr'>a</span> 
     </span>
     <span class='ocr_line' id='line_1_5' title="bbox 75 316 1420 365; baseline -0.005 -9"><span class='ocrx_word' id='word_1_33' title='bbox 75 321 221 356; x_wconf 84' lang='lat' dir='ltr'>Theone</span> <span class='ocrx_word' id='word_1_34' title='bbox 251 331 286 365; x_wconf 88' lang='lat' dir='ltr'>p.</span> <span class='ocrx_word' id='word_1_35' title='bbox 315 321 370 363; x_wconf 88' lang='grc'>18,</span> <span class='ocrx_word' id='word_1_36' title='bbox 397 321 430 362; x_wconf 93' lang='grc'>5,</span> <span class='ocrx_word' id='word_1_37' title='bbox 456 321 520 362; x_wconf 83' lang='grc'>22;</span> <span class='ocrx_word' id='word_1_38' title='bbox 553 320 610 361; x_wconf 88' lang='grc'>34,</span> <span class='ocrx_word' id='word_1_39' title='bbox 637 319 681 351; x_wconf 92' lang='grc'>10</span> <span class='ocrx_word' id='word_1_40' title='bbox 707 317 758 362; x_wconf 86' lang='lat' dir='ltr'>(a)</span> <span class='ocrx_word' id='word_1_41' title='bbox 796 316 974 351; x_wconf 89' lang='lat' dir='ltr'>omissum</span> <span class='ocrx_word' id='word_1_42' title='bbox 1011 326 1090 351; x_wconf 88' lang='lat' dir='ltr'>esse</span> <span class='ocrx_word' id='word_1_43' title='bbox 1121 316 1262 361; x_wconf 84' lang='lat' dir='ltr'>potest,</span> <span class='ocrx_word' id='word_1_44' title='bbox 1299 325 1420 359; x_wconf 87' lang='lat' dir='ltr'>neque</span> 
     </span>
     <span class='ocr_line' id='line_1_6' title="bbox 74 368 1421 419; baseline -0.005 -10"><span class='ocrx_word' id='word_1_45' title='bbox 74 373 194 410; x_wconf 76' lang='lat' dir='ltr'>minus</span> <span class='ocrx_word' id='word_1_46' title='bbox 207 385 242 419; x_wconf 89' lang='lat' dir='ltr'>p.</span> <span class='ocrx_word' id='word_1_47' title='bbox 259 376 313 416; x_wconf 89' lang='lat'>10,</span> <span class='ocrx_word' id='word_1_48' title='bbox 330 375 390 415; x_wconf 68' lang='grc'>11,</span> <span class='ocrx_word' id='word_1_49' title='bbox 410 374 466 415; x_wconf 76' lang='lat'>22,</span> <span class='ocrx_word' id='word_1_50' title='bbox 482 374 520 415; x_wconf 79' lang='lat'>⁷3</span> <span class='ocrx_word' id='word_1_51' title='bbox 540 373 596 415; x_wconf 86' lang='lat'>30,</span> <span class='ocrx_word' id='word_1_52' title='bbox 614 374 658 405; x_wconf 82' lang='lat'>20</span> <span class='ocrx_word' id='word_1_53' title='bbox 673 371 733 416; x_wconf 83' lang='lat' dir='ltr'>(a).</span> <span class='ocrx_word' id='word_1_54' title='bbox 766 383 800 416; x_wconf 89' lang='lat' dir='ltr'>p.</span> <span class='ocrx_word' id='word_1_55' title='bbox 818 374 896 414; x_wconf 84' lang='lat'>136,</span> <span class='ocrx_word' id='word_1_56' title='bbox 912 372 957 404; x_wconf 84' lang='lat'>23</span> <span class='ocrx_word' id='word_1_57' title='bbox 971 369 1040 415; x_wconf 67' lang='lat' dir='ltr'>(b),</span> <span class='ocrx_word' id='word_1_58' title='bbox 1059 381 1095 414; x_wconf 88' lang='lat' dir='ltr'>p.</span> <span class='ocrx_word' id='word_1_59' title='bbox 1112 372 1232 413; x_wconf 84' lang='lat'>16,11;</span> <span class='ocrx_word' id='word_1_60' title='bbox 1252 371 1308 413; x_wconf 88' lang='lat'>30,</span> <span class='ocrx_word' id='word_1_61' title='bbox 1323 370 1343 402; x_wconf 90' lang='lat'>5</span> <span class='ocrx_word' id='word_1_62' title='bbox 1358 368 1421 413; x_wconf 84' lang='lat' dir='ltr'>(a),</span> 
     </span>
     <span class='ocr_line' id='line_1_7' title="bbox 74 421 1422 472; baseline -0.004 -10"><span class='ocrx_word' id='word_1_63' title='bbox 74 426 140 463; x_wconf 89' lang='lat' dir='ltr'>ubi</span> <span class='ocrx_word' id='word_1_64' title='bbox 157 426 197 462; x_wconf 90' lang='lat' dir='ltr'>in</span> <span class='ocrx_word' id='word_1_65' title='bbox 215 424 370 472; x_wconf 86' lang='lat' dir='ltr'>apodosi</span> <span class='ocrx_word' id='word_1_66' title='bbox 389 424 504 470; x_wconf 85' lang='lat' dir='ltr'>deest,</span> <span class='ocrx_word' id='word_1_67' title='bbox 524 423 646 459; x_wconf 88' lang='lat' dir='ltr'>eidem</span> <span class='ocrx_word' id='word_1_68' title='bbox 665 423 903 459; x_wconf 86' lang='lat' dir='ltr'>omissionem</span> <span class='ocrx_word' id='word_1_69' title='bbox 921 421 1196 468; x_wconf 85' lang='lat' dir='ltr'>imputauerim.</span> <span class='ocrx_word' id='word_1_70' title='bbox 1225 422 1422 467; x_wconf 81' lang='lat' dir='ltr'>praeterea</span> 
     </span>
     <span class='ocr_line' id='line_1_8' title="bbox 74 474 1423 526; baseline -0.005 -10"><span class='ocrx_word' id='word_1_71' title='bbox 74 492 110 516; x_wconf 86' lang='lat' dir='ltr'>u.</span> <span class='ocrx_word' id='word_1_72' title='bbox 135 492 171 526; x_wconf 89' lang='lat' dir='ltr'>p.</span> <span class='ocrx_word' id='word_1_73' title='bbox 191 482 248 524; x_wconf 90' lang='lat'>88,</span> <span class='ocrx_word' id='word_1_74' title='bbox 271 482 332 523; x_wconf 74' lang='lat'>153</span> <span class='ocrx_word' id='word_1_75' title='bbox 359 482 415 523; x_wconf 91' lang='lat'>98,</span> <span class='ocrx_word' id='word_1_76' title='bbox 436 482 475 522; x_wconf 78' lang='lat'>93</span> <span class='ocrx_word' id='word_1_77' title='bbox 503 480 581 522; x_wconf 88' lang='lat'>156,</span> <span class='ocrx_word' id='word_1_78' title='bbox 603 480 668 521; x_wconf 72' lang='lat'>153</span> <span class='ocrx_word' id='word_1_79' title='bbox 702 480 782 521; x_wconf 89' lang='lat'>216,</span> <span class='ocrx_word' id='word_1_80' title='bbox 803 481 823 511; x_wconf 87' lang='lat'>5</span> <span class='ocrx_word' id='word_1_81' title='bbox 855 478 894 512; x_wconf 89' lang='lat' dir='ltr'>et</span> <span class='ocrx_word' id='word_1_82' title='bbox 922 489 958 522; x_wconf 95' lang='lat' dir='ltr'>p.</span> <span class='ocrx_word' id='word_1_83' title='bbox 979 479 1036 521; x_wconf 88' lang='lat'>32,</span> <span class='ocrx_word' id='word_1_84' title='bbox 1058 479 1101 511; x_wconf 89' lang='lat'>18</span> <span class='ocrx_word' id='word_1_85' title='bbox 1123 477 1184 521; x_wconf 89' lang='lat' dir='ltr'>(a).</span> <span class='ocrx_word' id='word_1_86' title='bbox 1235 474 1351 510; x_wconf 87' lang='lat' dir='ltr'>etiam</span> <span class='ocrx_word' id='word_1_87' title='bbox 1376 474 1423 510; x_wconf 90' lang='lat' dir='ltr'>de</span> 
     </span>
     <span class='ocr_line' id='line_1_9' title="bbox 75 527 1425 579; baseline -0.004 -10"><span class='ocrx_word' id='word_1_88' title='bbox 75 533 148 579; x_wconf 76' lang='grc' dir='ltr'>ἄρα</span> <span class='ocrx_word' id='word_1_89' title='bbox 178 545 213 578; x_wconf 91' lang='lat' dir='ltr'>p.</span> <span class='ocrx_word' id='word_1_90' title='bbox 234 535 320 577; x_wconf 85' lang='lat'>214,</span> <span class='ocrx_word' id='word_1_91' title='bbox 347 535 392 566; x_wconf 89' lang='lat'>22</span> <span class='ocrx_word' id='word_1_92' title='bbox 423 532 509 577; x_wconf 87' lang='lat' dir='ltr'>post</span> <span class='ocrx_word' id='word_1_93' title='bbox 542 527 698 573; x_wconf 76' lang='grc' dir='ltr'><strong><em>ἐναλλάξ</em></strong></span> <span class='ocrx_word' id='word_1_94' title='bbox 730 529 867 566; x_wconf 81' lang='lat' dir='ltr'>omisso</span> <span class='ocrx_word' id='word_1_95' title='bbox 899 529 1048 574; x_wconf 89' lang='lat' dir='ltr'>dubito,</span> <span class='ocrx_word' id='word_1_96' title='bbox 1087 540 1171 564; x_wconf 89' lang='lat' dir='ltr'>cum</span> <span class='ocrx_word' id='word_1_97' title='bbox 1203 530 1241 564; x_wconf 86' lang='lat' dir='ltr'>et</span> <span class='ocrx_word' id='word_1_98' title='bbox 1267 528 1358 564; x_wconf 89' lang='lat' dir='ltr'>addi</span> <span class='ocrx_word' id='word_1_99' title='bbox 1385 529 1425 564; x_wconf 93' lang='lat' dir='ltr'>et</span> 
     </span>
     <span class='ocr_line' id='line_1_10' title="bbox 75 584 349 631; baseline -0.007 -9"><span class='ocrx_word' id='word_1_100' title='bbox 75 585 199 622; x_wconf 80' lang='lat' dir='ltr'>omitti</span> <span class='ocrx_word' id='word_1_101' title='bbox 221 584 349 631; x_wconf 89' lang='lat' dir='ltr'>possit.</span> 
     </span>
    </p>

    <p class='ocr_par' dir='ltr' id='par_1_3' title="bbox 75 634 1424 738">
     <span class='ocr_line' id='line_1_11' title="bbox 104 634 1423 683; baseline -0.002 -10"><span class='ocrx_word' id='word_1_102' title='bbox 104 634 107 635; x_wconf 43' lang='lat'><em>⁷</em></span> <span class='ocrx_word' id='word_1_103' title='bbox 169 639 209 673; x_wconf 89' lang='lat' dir='ltr'>in</span> <span class='ocrx_word' id='word_1_104' title='bbox 243 639 317 675; x_wconf 92' lang='lat' dir='ltr'>fine</span> <span class='ocrx_word' id='word_1_105' title='bbox 354 639 544 674; x_wconf 75' lang='lat' dir='ltr'>ectheseos</span> <span class='ocrx_word' id='word_1_106' title='bbox 583 648 727 683; x_wconf 83' lang='lat' dir='ltr'>semper</span> <span class='ocrx_word' id='word_1_107' title='bbox 762 636 905 672; x_wconf 91' lang='lat' dir='ltr'>nudum</span> <span class='ocrx_word' id='word_1_108' title='bbox 941 634 1033 682; x_wconf 80' lang='grc' dir='ltr'><strong><em>λέγω</em></strong></span> <span class='ocrx_word' id='word_1_109' title='bbox 1070 636 1261 671; x_wconf 86' lang='lat' dir='ltr'>inuenitur</span> <span class='ocrx_word' id='word_1_110' title='bbox 1298 647 1342 671; x_wconf 90' lang='lat' dir='ltr'>ac</span> <span class='ocrx_word' id='word_1_111' title='bbox 1376 646 1423 671; x_wconf 91' lang='lat' dir='ltr'>ne</span> 
     </span>
     <span class='ocr_line' id='line_1_12' title="bbox 75 689 1424 738; baseline -0.003 -10"><span class='ocrx_word' id='word_1_112' title='bbox 75 705 112 738; x_wconf 89' lang='lat' dir='ltr'>p.</span> <span class='ocrx_word' id='word_1_113' title='bbox 135 696 212 737; x_wconf 84' lang='lat'>184,</span> <span class='ocrx_word' id='word_1_114' title='bbox 233 696 254 727; x_wconf 91' lang='lat'><strong>3</strong></span> <span class='ocrx_word' id='word_1_115' title='bbox 279 692 442 737; x_wconf 89' lang='lat' dir='ltr'>quidem,</span> <span class='ocrx_word' id='word_1_116' title='bbox 471 691 537 727; x_wconf 90' lang='lat' dir='ltr'>ubi</span> <span class='ocrx_word' id='word_1_117' title='bbox 562 691 683 726; x_wconf 87' lang='lat' dir='ltr'>altera</span> <span class='ocrx_word' id='word_1_118' title='bbox 703 690 893 725; x_wconf 72' lang='lat' dir='ltr'>ectheseos</span> <span class='ocrx_word' id='word_1_119' title='bbox 917 701 1005 736; x_wconf 85' lang='lat' dir='ltr'>pars</span> <span class='ocrx_word' id='word_1_120' title='bbox 1029 690 1221 736; x_wconf 88' lang='lat' dir='ltr'>repetitur,</span> <span class='ocrx_word' id='word_1_121' title='bbox 1247 689 1424 725; x_wconf 81' lang='lat' dir='ltr'>Euclides</span> 
     </span>
    </p>
   </div>
   <div class='ocr_carea' id='block_1_3' title="bbox 78 743 1489 792">
    <p class='ocr_par' dir='ltr' id='par_1_4' title="bbox 78 743 1489 792">
     <span class='ocr_line' id='line_1_13' title="bbox 78 743 1489 792; baseline -0.001 -12"><span class='ocrx_word' id='word_1_122' title='bbox 78 745 126 790; x_wconf 83' lang='grc' dir='ltr'>δή</span> <span class='ocrx_word' id='word_1_123' title='bbox 152 745 302 781; x_wconf 87' lang='lat' dir='ltr'>addidit</span> <span class='ocrx_word' id='word_1_124' title='bbox 326 747 375 792; x_wconf 89' lang='lat' dir='ltr'>(p.</span> <span class='ocrx_word' id='word_1_125' title='bbox 398 749 482 790; x_wconf 88' lang='lat'>124,</span> <span class='ocrx_word' id='word_1_126' title='bbox 503 749 523 780; x_wconf 85' lang='grc'>9</span> <span class='ocrx_word' id='word_1_127' title='bbox 556 744 605 789; x_wconf 80' lang='grc' dir='ltr'>δή</span> <span class='ocrx_word' id='word_1_128' title='bbox 632 755 740 779; x_wconf 87' lang='lat' dir='ltr'>nemo</span> <span class='ocrx_word' id='word_1_129' title='bbox 772 754 847 778; x_wconf 92' lang='lat' dir='ltr'>non</span> <span class='ocrx_word' id='word_1_130' title='bbox 873 744 1127 789; x_wconf 73' lang='lat' dir='ltr'>desideraret).</span> <span class='ocrx_word' id='word_1_131' title='bbox 1178 744 1270 779; x_wconf 90' lang='lat' dir='ltr'>item</span> <span class='ocrx_word' id='word_1_132' title='bbox 1295 743 1426 779; x_wconf 87' lang='lat' dir='ltr'>Theon</span> <span class='ocrx_word' id='word_1_133' title='bbox 1487 782 1489 786; x_wconf 48' lang='grc'>,</span> 
     </span>
    </p>
   </div>
   <div class='ocr_carea' id='block_1_4' title="bbox 78 797 1432 2179">
    <p class='ocr_par' dir='ltr' id='par_1_5' title="bbox 78 797 1426 952">
     <span class='ocr_line' id='line_1_14' title="bbox 81 797 1426 844; baseline -0.002 -10"><span class='ocrx_word' id='word_1_134' title='bbox 81 799 120 834; x_wconf 88' lang='lat' dir='ltr'>et</span> <span class='ocrx_word' id='word_1_135' title='bbox 143 798 292 834; x_wconf 83' lang='lat' dir='ltr'>librarii</span> <span class='ocrx_word' id='word_1_136' title='bbox 315 798 355 834; x_wconf 92' lang='lat' dir='ltr'>in</span> <span class='ocrx_word' id='word_1_137' title='bbox 378 799 478 833; x_wconf 93' lang='lat' dir='ltr'>nudo</span> <span class='ocrx_word' id='word_1_138' title='bbox 505 797 596 843; x_wconf 76' lang='grc' dir='ltr'><em>λέγω</em></span> <span class='ocrx_word' id='word_1_139' title='bbox 622 797 901 842; x_wconf 89' lang='lat' dir='ltr'>acquieuerunt.</span> <span class='ocrx_word' id='word_1_140' title='bbox 952 798 1000 842; x_wconf 84' lang='grc' dir='ltr'>δή</span> <span class='ocrx_word' id='word_1_141' title='bbox 1031 798 1071 833; x_wconf 88' lang='lat' dir='ltr'>in</span> <span class='ocrx_word' id='word_1_142' title='bbox 1100 798 1124 833; x_wconf 92' lang='lat' dir='ltr'>b</span> <span class='ocrx_word' id='word_1_143' title='bbox 1156 797 1426 844; x_wconf 88' lang='lat' dir='ltr'>interpolatum</span> 
     </span>
     <span class='ocr_line' id='line_1_15' title="bbox 79 850 1424 898; baseline -0.001 -11"><span class='ocrx_word' id='word_1_144' title='bbox 79 853 137 887; x_wconf 87' lang='lat' dir='ltr'>est</span> <span class='ocrx_word' id='word_1_145' title='bbox 160 865 195 898; x_wconf 91' lang='lat' dir='ltr'>p.</span> <span class='ocrx_word' id='word_1_146' title='bbox 212 855 267 897; x_wconf 88' lang='lat'>74,</span> <span class='ocrx_word' id='word_1_147' title='bbox 283 856 337 897; x_wconf 91' lang='grc'>18,</span> <span class='ocrx_word' id='word_1_148' title='bbox 362 853 511 898; x_wconf 87' lang='lat' dir='ltr'>praeter</span> <span class='ocrx_word' id='word_1_149' title='bbox 528 850 695 886; x_wconf 83' lang='lat' dir='ltr'>Euclidis</span> <span class='ocrx_word' id='word_1_150' title='bbox 716 851 1023 887; x_wconf 74' lang='lat' dir='ltr'>consuetudinem</span> <span class='ocrx_word' id='word_1_151' title='bbox 1041 851 1220 887; x_wconf 82' lang='lat' dir='ltr'>omissum</span> <span class='ocrx_word' id='word_1_152' title='bbox 1244 864 1279 897; x_wconf 89' lang='lat' dir='ltr'>p.</span> <span class='ocrx_word' id='word_1_153' title='bbox 1295 854 1352 896; x_wconf 89' lang='grc'>80,</span> <span class='ocrx_word' id='word_1_154' title='bbox 1369 854 1424 895; x_wconf 95' lang='grc'>19,</span> 
     </span>
     <span class='ocr_line' id='line_1_16' title="bbox 78 903 773 952; baseline -0.003 -11"><span class='ocrx_word' id='word_1_155' title='bbox 78 906 236 941; x_wconf 84' lang='lat' dir='ltr'>fortasse</span> <span class='ocrx_word' id='word_1_156' title='bbox 260 907 413 952; x_wconf 85' lang='lat' dir='ltr'>propter</span> <span class='ocrx_word' id='word_1_157' title='bbox 436 905 500 940; x_wconf 90' lang='lat' dir='ltr'>lin.</span> <span class='ocrx_word' id='word_1_158' title='bbox 523 908 543 940; x_wconf 90' lang='lat'>5</span> <span class='ocrx_word' id='word_1_159' title='bbox 570 903 649 939; x_wconf 80' lang='grc' dir='ltr'><strong><em>ἀλλ’</em></strong></span> <span class='ocrx_word' id='word_1_160' title='bbox 673 903 773 940; x_wconf 77' lang='grc' dir='ltr'><em>ἔστω.</em></span> 
     </span>
    </p>

    <p class='ocr_par' dir='ltr' id='par_1_6' title="bbox 79 956 1428 1163">
     <span class='ocr_line' id='line_1_17' title="bbox 173 956 1425 1005; baseline 0 -12"><span class='ocrx_word' id='word_1_161' title='bbox 173 956 240 994; x_wconf 81' lang='grc' dir='ltr'>οὖν</span> <span class='ocrx_word' id='word_1_162' title='bbox 264 961 350 1005; x_wconf 87' lang='lat' dir='ltr'>post</span> <span class='ocrx_word' id='word_1_163' title='bbox 375 956 460 994; x_wconf 82' lang='grc' dir='ltr'><em>ἐπεί</em></span> <span class='ocrx_word' id='word_1_164' title='bbox 480 957 521 992; x_wconf 89' lang='lat' dir='ltr'>in</span> <span class='ocrx_word' id='word_1_165' title='bbox 543 956 744 993; x_wconf 88' lang='lat' dir='ltr'>Theoninis</span> <span class='ocrx_word' id='word_1_166' title='bbox 770 970 805 1003; x_wconf 88' lang='lat' dir='ltr'>p.</span> <span class='ocrx_word' id='word_1_167' title='bbox 826 961 882 1002; x_wconf 82' lang='lat'>58,</span> <span class='ocrx_word' id='word_1_168' title='bbox 903 962 941 1002; x_wconf 84' lang='lat'>63</span> <span class='ocrx_word' id='word_1_169' title='bbox 970 962 1048 1003; x_wconf 75' lang='lat'>114,</span> <span class='ocrx_word' id='word_1_170' title='bbox 1071 962 1112 993; x_wconf 88' lang='lat'>11</span> <span class='ocrx_word' id='word_1_171' title='bbox 1134 958 1203 1004; x_wconf 54' lang='grc' dir='ltr'>(ὣς</span> <span class='ocrx_word' id='word_1_172' title='bbox 1229 971 1264 1004; x_wconf 88' lang='lat' dir='ltr'>p.</span> <span class='ocrx_word' id='word_1_173' title='bbox 1286 962 1342 1003; x_wconf 82' lang='lat'>54,</span> <span class='ocrx_word' id='word_1_174' title='bbox 1364 961 1425 1002; x_wconf 78' lang='lat'>143</span> 
     </span>
     <span class='ocr_line' id='line_1_18' title="bbox 81 1010 1426 1057; baseline 0.001 -11"><span class='ocrx_word' id='word_1_175' title='bbox 81 1014 159 1056; x_wconf 88' lang='grc'>198,</span> <span class='ocrx_word' id='word_1_176' title='bbox 180 1015 225 1046; x_wconf 88' lang='grc'>20</span> <span class='ocrx_word' id='word_1_177' title='bbox 246 1013 296 1057; x_wconf 88' lang='lat' dir='ltr'>(a)</span> <span class='ocrx_word' id='word_1_178' title='bbox 327 1011 499 1046; x_wconf 83' lang='lat' dir='ltr'>additum</span> <span class='ocrx_word' id='word_1_179' title='bbox 530 1010 696 1046; x_wconf 87' lang='lat' dir='ltr'>librariis</span> <span class='ocrx_word' id='word_1_180' title='bbox 724 1010 980 1055; x_wconf 67' lang='lat' dir='ltr'>tribuendum,</span> <span class='ocrx_word' id='word_1_181' title='bbox 1018 1024 1053 1057; x_wconf 92' lang='lat' dir='ltr'>p.</span> <span class='ocrx_word' id='word_1_182' title='bbox 1075 1015 1153 1056; x_wconf 85' lang='lat'>126,</span> <span class='ocrx_word' id='word_1_183' title='bbox 1174 1016 1236 1056; x_wconf 66' lang='grc'>24,</span> <span class='ocrx_word' id='word_1_184' title='bbox 1268 1016 1349 1057; x_wconf 88' lang='grc'>210,</span> <span class='ocrx_word' id='word_1_185' title='bbox 1370 1015 1426 1057; x_wconf 91' lang='grc'>11,</span> 
     </span>
     <span class='ocr_line' id='line_1_19' title="bbox 79 1062 1428 1111; baseline 0.001 -12"><span class='ocrx_word' id='word_1_186' title='bbox 79 1064 147 1099; x_wconf 90' lang='lat' dir='ltr'>ubi</span> <span class='ocrx_word' id='word_1_187' title='bbox 170 1066 257 1110; x_wconf 87' lang='lat' dir='ltr'>post</span> <span class='ocrx_word' id='word_1_188' title='bbox 283 1062 368 1100; x_wconf 79' lang='grc' dir='ltr'><em>ἐπεί</em></span> <span class='ocrx_word' id='word_1_189' title='bbox 389 1064 592 1109; x_wconf 84' lang='lat' dir='ltr'>omittitur,</span> <span class='ocrx_word' id='word_1_190' title='bbox 621 1064 662 1098; x_wconf 90' lang='lat' dir='ltr'>in</span> <span class='ocrx_word' id='word_1_191' title='bbox 687 1064 888 1109; x_wconf 81' lang='lat' dir='ltr'>archetypo</span> <span class='ocrx_word' id='word_1_192' title='bbox 913 1065 1020 1100; x_wconf 90' lang='lat' dir='ltr'>codd.</span> <span class='ocrx_word' id='word_1_193' title='bbox 1046 1064 1199 1101; x_wconf 82' lang='lat' dir='ltr'>PVat.v</span> <span class='ocrx_word' id='word_1_194' title='bbox 1224 1065 1428 1111; x_wconf 88' lang='lat' dir='ltr'>interpola-</span> 
     </span>
     <span class='ocr_line' id='line_1_20' title="bbox 81 1116 1038 1163; baseline 0 -10"><span class='ocrx_word' id='word_1_195' title='bbox 81 1118 163 1152; x_wconf 75' lang='lat' dir='ltr'>tum</span> <span class='ocrx_word' id='word_1_196' title='bbox 187 1128 268 1153; x_wconf 91' lang='lat' dir='ltr'>esse</span> <span class='ocrx_word' id='word_1_197' title='bbox 291 1119 428 1163; x_wconf 86' lang='lat' dir='ltr'>potest,</span> <span class='ocrx_word' id='word_1_198' title='bbox 453 1117 528 1152; x_wconf 90' lang='lat' dir='ltr'>nisi</span> <span class='ocrx_word' id='word_1_199' title='bbox 551 1116 663 1152; x_wconf 87' lang='lat' dir='ltr'>fallor</span> <span class='ocrx_word' id='word_1_200' title='bbox 688 1116 802 1152; x_wconf 84' lang='lat' dir='ltr'>etiam</span> <span class='ocrx_word' id='word_1_201' title='bbox 826 1130 861 1162; x_wconf 88' lang='lat' dir='ltr'>p.</span> <span class='ocrx_word' id='word_1_202' title='bbox 883 1121 962 1162; x_wconf 88' lang='grc'>214,</span> <span class='ocrx_word' id='word_1_203' title='bbox 984 1121 1038 1153; x_wconf 92' lang='grc'>13.</span> 
     </span>
    </p>

    <p class='ocr_par' dir='ltr' id='par_1_7' title="bbox 80 1170 1430 1525">
     <span class='ocr_line' id='line_1_21' title="bbox 177 1170 1428 1217; baseline 0.002 -12"><span class='ocrx_word' id='word_1_204' title='bbox 177 1170 247 1216; x_wconf 76' lang='grc' dir='ltr'>γάρ</span> <span class='ocrx_word' id='word_1_205' title='bbox 280 1182 303 1205; x_wconf 91' lang='lat' dir='ltr'>a</span> <span class='ocrx_word' id='word_1_206' title='bbox 328 1170 478 1205; x_wconf 84' lang='lat' dir='ltr'>Theone</span> <span class='ocrx_word' id='word_1_207' title='bbox 506 1182 692 1215; x_wconf 82' lang='lat' dir='ltr'>nusquam</span> <span class='ocrx_word' id='word_1_208' title='bbox 714 1170 885 1205; x_wconf 86' lang='lat' dir='ltr'>additum</span> <span class='ocrx_word' id='word_1_209' title='bbox 916 1172 987 1215; x_wconf 68' lang='lat' dir='ltr'>est,</span> <span class='ocrx_word' id='word_1_210' title='bbox 1024 1182 1113 1206; x_wconf 91' lang='lat' dir='ltr'>nam</span> <span class='ocrx_word' id='word_1_211' title='bbox 1136 1184 1171 1217; x_wconf 94' lang='lat' dir='ltr'>p.</span> <span class='ocrx_word' id='word_1_212' title='bbox 1190 1175 1272 1216; x_wconf 82' lang='lat'>174,</span> <span class='ocrx_word' id='word_1_213' title='bbox 1294 1175 1339 1206; x_wconf 88' lang='lat'>20</span> <span class='ocrx_word' id='word_1_214' title='bbox 1370 1172 1428 1207; x_wconf 89' lang='lat' dir='ltr'>in-</span> 
     </span>
     <span class='ocr_line' id='line_1_22' title="bbox 82 1222 1429 1270; baseline 0.002 -12"><span class='ocrx_word' id='word_1_215' title='bbox 82 1224 221 1258; x_wconf 85' lang='lat' dir='ltr'>sertum</span> <span class='ocrx_word' id='word_1_216' title='bbox 250 1225 308 1258; x_wconf 87' lang='lat' dir='ltr'>est</span> <span class='ocrx_word' id='word_1_217' title='bbox 338 1234 458 1258; x_wconf 87' lang='lat' dir='ltr'>errore</span> <span class='ocrx_word' id='word_1_218' title='bbox 489 1222 652 1268; x_wconf 87' lang='lat' dir='ltr'>librarii,</span> <span class='ocrx_word' id='word_1_219' title='bbox 686 1223 751 1268; x_wconf 90' lang='lat' dir='ltr'>qui</span> <span class='ocrx_word' id='word_1_220' title='bbox 782 1223 949 1269; x_wconf 89' lang='lat' dir='ltr'>quidem,</span> <span class='ocrx_word' id='word_1_221' title='bbox 981 1226 1183 1270; x_wconf 82' lang='lat' dir='ltr'>postquam</span> <span class='ocrx_word' id='word_1_222' title='bbox 1216 1225 1266 1260; x_wconf 86' lang='lat' dir='ltr'>ad</span> <span class='ocrx_word' id='word_1_223' title='bbox 1290 1225 1355 1261; x_wconf 92' lang='lat' dir='ltr'>lin.</span> <span class='ocrx_word' id='word_1_224' title='bbox 1383 1229 1429 1261; x_wconf 88' lang='grc'>24</span> 
     </span>
     <span class='ocr_line' id='line_1_23' title="bbox 81 1275 1430 1324; baseline 0.003 -13"><span class='ocrx_word' id='word_1_225' title='bbox 81 1275 252 1321; x_wconf 77' lang='grc' dir='ltr'><em>εἰλήφθω</em></span> <span class='ocrx_word' id='word_1_226' title='bbox 284 1276 401 1311; x_wconf 90' lang='lat' dir='ltr'>oculis</span> <span class='ocrx_word' id='word_1_227' title='bbox 434 1275 643 1321; x_wconf 86' lang='lat' dir='ltr'>aberrauit,</span> <span class='ocrx_word' id='word_1_228' title='bbox 678 1287 800 1312; x_wconf 90' lang='lat' dir='ltr'>errore</span> <span class='ocrx_word' id='word_1_229' title='bbox 825 1276 1019 1313; x_wconf 87' lang='lat' dir='ltr'>intellecto</span> <span class='ocrx_word' id='word_1_230' title='bbox 1044 1289 1164 1323; x_wconf 88' lang='lat' dir='ltr'>neque</span> <span class='ocrx_word' id='word_1_231' title='bbox 1190 1278 1260 1324; x_wconf 76' lang='grc' dir='ltr'>γάρ</span> <span class='ocrx_word' id='word_1_232' title='bbox 1287 1279 1430 1315; x_wconf 89' lang='lat' dir='ltr'>deleuit</span> 
     </span>
     <span class='ocr_line' id='line_1_24' title="bbox 82 1328 1428 1378; baseline 0.002 -14"><span class='ocrx_word' id='word_1_233' title='bbox 82 1329 203 1374; x_wconf 68' lang='lat' dir='ltr'>‹31:de</span> <span class='ocrx_word' id='word_1_234' title='bbox 221 1328 288 1364; x_wconf 80' lang='lat' dir='ltr'>lin.</span> <span class='ocrx_word' id='word_1_235' title='bbox 303 1333 348 1364; x_wconf 83' lang='lat'>24</span> <span class='ocrx_word' id='word_1_236' title='bbox 363 1329 490 1365; x_wconf 81' lang='lat' dir='ltr'>omisit</span> <span class='ocrx_word' id='word_1_237' title='bbox 501 1329 537 1374; x_wconf 88' lang='lat'>¹).</span> <span class='ocrx_word' id='word_1_238' title='bbox 570 1328 640 1375; x_wconf 79' lang='grc' dir='ltr'>γάρ</span> <span class='ocrx_word' id='word_1_239' title='bbox 654 1330 780 1364; x_wconf 74' lang='lat' dir='ltr'>utrum</span> <span class='ocrx_word' id='word_1_240' title='bbox 797 1341 833 1375; x_wconf 87' lang='lat' dir='ltr'>p.</span> <span class='ocrx_word' id='word_1_241' title='bbox 850 1333 928 1376; x_wconf 85' lang='lat'>168,</span> <span class='ocrx_word' id='word_1_242' title='bbox 945 1335 1005 1375; x_wconf 87' lang='lat'>16;</span> <span class='ocrx_word' id='word_1_243' title='bbox 1028 1334 1106 1376; x_wconf 82' lang='lat'>172,</span> <span class='ocrx_word' id='word_1_244' title='bbox 1121 1335 1141 1366; x_wconf 88' lang='grc'>9</span> <span class='ocrx_word' id='word_1_245' title='bbox 1155 1331 1225 1377; x_wconf 87' lang='lat' dir='ltr'><strong>(b);</strong></span> <span class='ocrx_word' id='word_1_246' title='bbox 1244 1344 1280 1378; x_wconf 91' lang='lat' dir='ltr'>p.</span> <span class='ocrx_word' id='word_1_247' title='bbox 1292 1335 1349 1378; x_wconf 87' lang='grc'>46,</span> <span class='ocrx_word' id='word_1_248' title='bbox 1366 1336 1428 1377; x_wconf 85' lang='grc'>16;</span> 
     </span>
     <span class='ocr_line' id='line_1_25' title="bbox 82 1382 1429 1429; baseline 0.004 -12"><span class='ocrx_word' id='word_1_249' title='bbox 82 1385 161 1427; x_wconf 91' lang='grc'>180,</span> <span class='ocrx_word' id='word_1_250' title='bbox 182 1386 226 1417; x_wconf 86' lang='grc'>23</span> <span class='ocrx_word' id='word_1_251' title='bbox 246 1384 298 1429; x_wconf 84' lang='lat' dir='ltr'>(a)</span> <span class='ocrx_word' id='word_1_252' title='bbox 330 1382 590 1428; x_wconf 85' lang='lat' dir='ltr'>expositionis,</span> <span class='ocrx_word' id='word_1_253' title='bbox 622 1395 657 1429; x_wconf 92' lang='lat' dir='ltr'>p.</span> <span class='ocrx_word' id='word_1_254' title='bbox 679 1386 734 1428; x_wconf 86' lang='lat'>94,</span> <span class='ocrx_word' id='word_1_255' title='bbox 757 1386 817 1427; x_wconf 79' lang='lat'>133</span> <span class='ocrx_word' id='word_1_256' title='bbox 850 1387 929 1429; x_wconf 87' lang='grc'>156,</span> <span class='ocrx_word' id='word_1_257' title='bbox 948 1388 989 1428; x_wconf 85' lang='grc'>4;</span> <span class='ocrx_word' id='word_1_258' title='bbox 1023 1387 1101 1429; x_wconf 90' lang='grc'>172,</span> <span class='ocrx_word' id='word_1_259' title='bbox 1125 1388 1168 1419; x_wconf 90' lang='grc'>13</span> <span class='ocrx_word' id='word_1_260' title='bbox 1194 1385 1429 1422; x_wconf 85' lang='lat' dir='ltr'>demonstra.-</span> 
     </span>
     <span class='ocr_line' id='line_1_26' title="bbox 80 1435 1429 1485; baseline 0.003 -14"><span class='ocrx_word' id='word_1_261' title='bbox 80 1435 195 1471; x_wconf 91' lang='lat' dir='ltr'>tionis</span> <span class='ocrx_word' id='word_1_262' title='bbox 221 1435 329 1471; x_wconf 81' lang='lat' dir='ltr'>initio</span> <span class='ocrx_word' id='word_1_263' title='bbox 355 1447 378 1471; x_wconf 87' lang='lat' dir='ltr'>a</span> <span class='ocrx_word' id='word_1_264' title='bbox 402 1435 551 1472; x_wconf 88' lang='lat' dir='ltr'>Theone</span> <span class='ocrx_word' id='word_1_265' title='bbox 584 1447 633 1471; x_wconf 91' lang='lat' dir='ltr'>an</span> <span class='ocrx_word' id='word_1_266' title='bbox 657 1435 897 1471; x_wconf 84' lang='lat' dir='ltr'>librariorum</span> <span class='ocrx_word' id='word_1_267' title='bbox 926 1437 1039 1484; x_wconf 87' lang='lat' dir='ltr'>culpa</span> <span class='ocrx_word' id='word_1_268' title='bbox 1063 1438 1242 1474; x_wconf 87' lang='lat' dir='ltr'>omissum</span> <span class='ocrx_word' id='word_1_269' title='bbox 1267 1438 1334 1485; x_wconf 86' lang='lat' dir='ltr'>sit,</span> <span class='ocrx_word' id='word_1_270' title='bbox 1366 1440 1429 1476; x_wconf 92' lang='lat' dir='ltr'>de-</span> 
     </span>
     <span class='ocr_line' id='line_1_27' title="bbox 82 1490 487 1525; baseline -0.002 0"><span class='ocrx_word' id='word_1_271' title='bbox 82 1500 231 1525; x_wconf 88' lang='lat' dir='ltr'>cernere</span> <span class='ocrx_word' id='word_1_272' title='bbox 256 1500 331 1525; x_wconf 90' lang='lat' dir='ltr'>non</span> <span class='ocrx_word' id='word_1_273' title='bbox 356 1490 487 1525; x_wconf 87' lang='lat' dir='ltr'>audeo.</span> 
     </span>
    </p>

    <p class='ocr_par' dir='ltr' id='par_1_8' title="bbox 83 1541 1430 1685">
     <span class='ocr_line' id='line_1_28' title="bbox 177 1541 1430 1589; baseline 0.003 -12"><span class='ocrx_word' id='word_1_274' title='bbox 177 1541 245 1589; x_wconf 80' lang='grc' dir='ltr'>μέν</span> <span class='ocrx_word' id='word_1_275' title='bbox 269 1555 304 1589; x_wconf 92' lang='lat' dir='ltr'>p.</span> <span class='ocrx_word' id='word_1_276' title='bbox 327 1546 407 1587; x_wconf 91' lang='grc'>164,</span> <span class='ocrx_word' id='word_1_277' title='bbox 429 1547 472 1577; x_wconf 92' lang='grc'>12</span> <span class='ocrx_word' id='word_1_278' title='bbox 504 1542 544 1577; x_wconf 88' lang='lat' dir='ltr'>in</span> <span class='ocrx_word' id='word_1_279' title='bbox 567 1542 592 1578; x_wconf 92' lang='lat' dir='ltr'>b</span> <span class='ocrx_word' id='word_1_280' title='bbox 626 1542 798 1578; x_wconf 88' lang='lat' dir='ltr'>additum</span> <span class='ocrx_word' id='word_1_281' title='bbox 821 1543 993 1589; x_wconf 89' lang='lat' dir='ltr'>librario,</span> <span class='ocrx_word' id='word_1_282' title='bbox 1025 1556 1100 1580; x_wconf 90' lang='lat' dir='ltr'>non</span> <span class='ocrx_word' id='word_1_283' title='bbox 1125 1545 1268 1581; x_wconf 84' lang='lat' dir='ltr'>Theoni</span> <span class='ocrx_word' id='word_1_284' title='bbox 1300 1546 1430 1583; x_wconf 89' lang='lat' dir='ltr'>deberi</span> 
     </span>
     <span class='ocr_line' id='line_1_29' title="bbox 83 1596 1428 1645; baseline 0.003 -14"><span class='ocrx_word' id='word_1_285' title='bbox 83 1597 249 1641; x_wconf 87' lang='lat' dir='ltr'>constat;</span> <span class='ocrx_word' id='word_1_286' title='bbox 285 1596 333 1631; x_wconf 85' lang='lat' dir='ltr'>ab</span> <span class='ocrx_word' id='word_1_287' title='bbox 359 1596 490 1632; x_wconf 88' lang='lat' dir='ltr'>eodem</span> <span class='ocrx_word' id='word_1_288' title='bbox 513 1608 548 1641; x_wconf 92' lang='lat' dir='ltr'>p.</span> <span class='ocrx_word' id='word_1_289' title='bbox 569 1600 631 1642; x_wconf 94' lang='lat'>22,</span> <span class='ocrx_word' id='word_1_290' title='bbox 654 1599 715 1641; x_wconf 83' lang='lat'>193</span> <span class='ocrx_word' id='word_1_291' title='bbox 741 1600 803 1642; x_wconf 88' lang='grc'>24,</span> <span class='ocrx_word' id='word_1_292' title='bbox 826 1600 887 1641; x_wconf 77' lang='lat'>163</span> <span class='ocrx_word' id='word_1_293' title='bbox 914 1599 970 1642; x_wconf 87' lang='lat'>30,</span> <span class='ocrx_word' id='word_1_294' title='bbox 992 1600 1036 1632; x_wconf 94' lang='lat'>10</span> <span class='ocrx_word' id='word_1_295' title='bbox 1055 1598 1116 1645; x_wconf 88' lang='grc' dir='ltr'>(β)</span> <span class='ocrx_word' id='word_1_296' title='bbox 1142 1598 1293 1634; x_wconf 89' lang='lat' dir='ltr'>uidetur</span> <span class='ocrx_word' id='word_1_297' title='bbox 1317 1599 1428 1635; x_wconf 84' lang='lat' dir='ltr'>omis-</span> 
     </span>
     <span class='ocr_line' id='line_1_30' title="bbox 84 1661 282 1685; baseline 0.005 -1"><span class='ocrx_word' id='word_1_298' title='bbox 84 1661 165 1684; x_wconf 88' lang='lat' dir='ltr'>sum</span> <span class='ocrx_word' id='word_1_299' title='bbox 192 1661 282 1685; x_wconf 84' lang='lat' dir='ltr'>esse.</span> 
     </span>
    </p>

    <p class='ocr_par' dir='ltr' id='par_1_9' title="bbox 84 1701 1431 1962">
     <span class='ocr_line' id='line_1_31' title="bbox 178 1701 1429 1751; baseline 0.003 -13"><span class='ocrx_word' id='word_1_300' title='bbox 178 1701 221 1738; x_wconf 82' lang='grc' dir='ltr'>δέ</span> <span class='ocrx_word' id='word_1_301' title='bbox 245 1716 281 1749; x_wconf 94' lang='lat' dir='ltr'>p.</span> <span class='ocrx_word' id='word_1_302' title='bbox 302 1707 334 1748; x_wconf 89' lang='lat'>2,</span> <span class='ocrx_word' id='word_1_303' title='bbox 353 1707 377 1738; x_wconf 89' lang='lat'>4</span> <span class='ocrx_word' id='word_1_304' title='bbox 400 1704 451 1749; x_wconf 87' lang='lat' dir='ltr'>(a)</span> <span class='ocrx_word' id='word_1_305' title='bbox 475 1703 604 1739; x_wconf 87' lang='lat' dir='ltr'>Theon</span> <span class='ocrx_word' id='word_1_306' title='bbox 630 1703 788 1747; x_wconf 86' lang='lat' dir='ltr'>addidit,</span> <span class='ocrx_word' id='word_1_307' title='bbox 814 1702 888 1738; x_wconf 89' lang='lat' dir='ltr'>nisi</span> <span class='ocrx_word' id='word_1_308' title='bbox 912 1703 1008 1739; x_wconf 86' lang='lat' dir='ltr'>forte</span> <span class='ocrx_word' id='word_1_309' title='bbox 1032 1703 1072 1738; x_wconf 91' lang='lat' dir='ltr'>in</span> <span class='ocrx_word' id='word_1_310' title='bbox 1092 1705 1295 1751; x_wconf 80' lang='lat' dir='ltr'>archetypo</span> <span class='ocrx_word' id='word_1_311' title='bbox 1321 1706 1429 1742; x_wconf 88' lang='lat' dir='ltr'>codd.</span> 
     </span>
     <span class='ocr_line' id='line_1_32' title="bbox 84 1756 1430 1804; baseline 0.001 -12"><span class='ocrx_word' id='word_1_312' title='bbox 84 1756 238 1792; x_wconf 77' lang='lat' dir='ltr'>PVat.v</span> <span class='ocrx_word' id='word_1_313' title='bbox 262 1756 463 1792; x_wconf 89' lang='lat' dir='ltr'>intercidit.</span> <span class='ocrx_word' id='word_1_314' title='bbox 512 1769 547 1803; x_wconf 93' lang='lat' dir='ltr'>p.</span> <span class='ocrx_word' id='word_1_315' title='bbox 568 1762 631 1803; x_wconf 82' lang='grc'>68,</span> <span class='ocrx_word' id='word_1_316' title='bbox 657 1763 677 1793; x_wconf 88' lang='lat'>5</span> <span class='ocrx_word' id='word_1_317' title='bbox 702 1756 879 1792; x_wconf 89' lang='lat' dir='ltr'>librarius</span> <span class='ocrx_word' id='word_1_318' title='bbox 903 1757 1093 1803; x_wconf 88' lang='lat' dir='ltr'>peccauit,</span> <span class='ocrx_word' id='word_1_319' title='bbox 1126 1758 1191 1803; x_wconf 91' lang='lat' dir='ltr'>qui</span> <span class='ocrx_word' id='word_1_320' title='bbox 1220 1771 1255 1804; x_wconf 92' lang='lat' dir='ltr'>p.</span> <span class='ocrx_word' id='word_1_321' title='bbox 1284 1763 1339 1804; x_wconf 89' lang='grc'>98,</span> <span class='ocrx_word' id='word_1_322' title='bbox 1367 1763 1430 1804; x_wconf 87' lang='grc'>25;</span> 
     </span>
     <span class='ocr_line' id='line_1_33' title="bbox 86 1810 1431 1856; baseline 0.003 -12"><span class='ocrx_word' id='word_1_323' title='bbox 86 1813 164 1854; x_wconf 86' lang='grc'>156,</span> <span class='ocrx_word' id='word_1_324' title='bbox 181 1813 225 1844; x_wconf 93' lang='grc'>10</span> <span class='ocrx_word' id='word_1_325' title='bbox 240 1810 309 1856; x_wconf 87' lang='lat' dir='ltr'>(b);</span> <span class='ocrx_word' id='word_1_326' title='bbox 334 1823 369 1856; x_wconf 90' lang='lat' dir='ltr'>p.</span> <span class='ocrx_word' id='word_1_327' title='bbox 385 1814 442 1855; x_wconf 88' lang='grc'>42,</span> <span class='ocrx_word' id='word_1_328' title='bbox 458 1814 518 1854; x_wconf 81' lang='lat'>163</span> <span class='ocrx_word' id='word_1_329' title='bbox 545 1813 600 1854; x_wconf 89' lang='lat'>80,</span> <span class='ocrx_word' id='word_1_330' title='bbox 622 1815 660 1855; x_wconf 81' lang='lat'>23</span> <span class='ocrx_word' id='word_1_331' title='bbox 689 1814 767 1856; x_wconf 91' lang='grc'>178,</span> <span class='ocrx_word' id='word_1_332' title='bbox 789 1815 820 1856; x_wconf 90' lang='grc'>7,</span> <span class='ocrx_word' id='word_1_333' title='bbox 842 1814 886 1845; x_wconf 89' lang='grc'>23</span> <span class='ocrx_word' id='word_1_334' title='bbox 906 1812 956 1856; x_wconf 81' lang='lat' dir='ltr'>(a)</span> <span class='ocrx_word' id='word_1_335' title='bbox 981 1811 1208 1856; x_wconf 86' lang='lat' dir='ltr'>particulam</span> <span class='ocrx_word' id='word_1_336' title='bbox 1233 1813 1431 1849; x_wconf 85' lang='lat' dir='ltr'>temerarie</span> 
     </span>
     <span class='ocr_line' id='line_1_34' title="bbox 86 1862 1431 1912; baseline 0.004 -15"><span class='ocrx_word' id='word_1_337' title='bbox 86 1862 222 1898; x_wconf 86' lang='lat' dir='ltr'>omisit.</span> <span class='ocrx_word' id='word_1_338' title='bbox 265 1874 386 1908; x_wconf 88' lang='lat' dir='ltr'>neque</span> <span class='ocrx_word' id='word_1_339' title='bbox 411 1874 499 1898; x_wconf 93' lang='lat' dir='ltr'>uero</span> <span class='ocrx_word' id='word_1_340' title='bbox 525 1876 560 1909; x_wconf 95' lang='lat' dir='ltr'>p.</span> <span class='ocrx_word' id='word_1_341' title='bbox 578 1867 656 1909; x_wconf 82' lang='grc'>130,</span> <span class='ocrx_word' id='word_1_342' title='bbox 677 1867 719 1898; x_wconf 90' lang='grc'>21</span> <span class='ocrx_word' id='word_1_343' title='bbox 741 1863 811 1909; x_wconf 85' lang='lat' dir='ltr'>(b);</span> <span class='ocrx_word' id='word_1_344' title='bbox 836 1877 871 1910; x_wconf 95' lang='lat' dir='ltr'>p.</span> <span class='ocrx_word' id='word_1_345' title='bbox 887 1868 943 1910; x_wconf 86' lang='lat'>36,</span> <span class='ocrx_word' id='word_1_346' title='bbox 964 1869 984 1900; x_wconf 87' lang='lat'><strong>3</strong></span> <span class='ocrx_word' id='word_1_347' title='bbox 1005 1867 1056 1911; x_wconf 92' lang='lat' dir='ltr'>(a)</span> <span class='ocrx_word' id='word_1_348' title='bbox 1082 1864 1124 1901; x_wconf 83' lang='grc' dir='ltr'>δέ</span> <span class='ocrx_word' id='word_1_349' title='bbox 1148 1867 1302 1912; x_wconf 89' lang='lat' dir='ltr'>propter</span> <span class='ocrx_word' id='word_1_350' title='bbox 1326 1869 1431 1904; x_wconf 90' lang='lat' dir='ltr'>ante-</span> 
     </span>
     <span class='ocr_line' id='line_1_35' title="bbox 86 1915 624 1962; baseline 0.002 -11"><span class='ocrx_word' id='word_1_351' title='bbox 86 1915 219 1951; x_wconf 88' lang='lat' dir='ltr'>cedens</span> <span class='ocrx_word' id='word_1_352' title='bbox 245 1915 311 1962; x_wconf 83' lang='grc' dir='ltr'>μέν</span> <span class='ocrx_word' id='word_1_353' title='bbox 337 1917 465 1952; x_wconf 88' lang='lat' dir='ltr'>deesse</span> <span class='ocrx_word' id='word_1_354' title='bbox 489 1918 624 1962; x_wconf 86' lang='lat' dir='ltr'>potest.</span> 
     </span>
    </p>

    <p class='ocr_par' dir='ltr' id='par_1_10' title="bbox 86 1969 1432 2179">
     <span class='ocr_line' id='line_1_36' title="bbox 180 1969 1431 2020; baseline 0.004 -16"><span class='ocrx_word' id='word_1_355' title='bbox 180 1981 218 2004; x_wconf 78' lang='grc' dir='ltr'>τε</span> <span class='ocrx_word' id='word_1_356' title='bbox 236 1981 272 2015; x_wconf 93' lang='lat' dir='ltr'>p.</span> <span class='ocrx_word' id='word_1_357' title='bbox 287 1973 366 2015; x_wconf 88' lang='grc'>210,</span> <span class='ocrx_word' id='word_1_358' title='bbox 381 1974 423 2005; x_wconf 90' lang='grc'>21</span> <span class='ocrx_word' id='word_1_359' title='bbox 446 1970 494 2004; x_wconf 90' lang='lat' dir='ltr'>ad</span> <span class='ocrx_word' id='word_1_360' title='bbox 514 1970 578 2005; x_wconf 86' lang='lat' dir='ltr'>lin.</span> <span class='ocrx_word' id='word_1_361' title='bbox 592 1973 635 2004; x_wconf 88' lang='grc'>18</span> <span class='ocrx_word' id='word_1_362' title='bbox 648 1969 850 2015; x_wconf 88' lang='lat' dir='ltr'>respiciens</span> <span class='ocrx_word' id='word_1_363' title='bbox 863 1971 1008 2006; x_wconf 90' lang='lat' dir='ltr'>Theoni</span> <span class='ocrx_word' id='word_1_364' title='bbox 1019 1971 1166 2017; x_wconf 63' lang='lat' dir='ltr'>tribuo,</span> <span class='ocrx_word' id='word_1_365' title='bbox 1185 1985 1220 2019; x_wconf 92' lang='lat' dir='ltr'>p.</span> <span class='ocrx_word' id='word_1_366' title='bbox 1237 1977 1317 2019; x_wconf 88' lang='lat'>214,</span> <span class='ocrx_word' id='word_1_367' title='bbox 1330 1974 1431 2020; x_wconf 89' lang='lat' dir='ltr'>2(b);</span> 
     </span>
     <span class='ocr_line' id='line_1_37' title="bbox 90 2023 1431 2071; baseline 0.004 -15"><span class='ocrx_word' id='word_1_368' title='bbox 90 2025 167 2067; x_wconf 88' lang='lat'>178,</span> <span class='ocrx_word' id='word_1_369' title='bbox 195 2027 215 2058; x_wconf 92' lang='grc'>8</span> <span class='ocrx_word' id='word_1_370' title='bbox 235 2023 285 2068; x_wconf 89' lang='lat' dir='ltr'>(a)</span> <span class='ocrx_word' id='word_1_371' title='bbox 323 2023 370 2058; x_wconf 88' lang='lat' dir='ltr'>ab</span> <span class='ocrx_word' id='word_1_372' title='bbox 408 2024 539 2059; x_wconf 88' lang='lat' dir='ltr'>eodem</span> <span class='ocrx_word' id='word_1_373' title='bbox 575 2023 845 2070; x_wconf 86' lang='lat' dir='ltr'>interpolatum</span> <span class='ocrx_word' id='word_1_374' title='bbox 876 2034 956 2059; x_wconf 89' lang='lat' dir='ltr'>esse</span> <span class='ocrx_word' id='word_1_375' title='bbox 995 2024 1232 2071; x_wconf 88' lang='lat' dir='ltr'>crediderim,</span> <span class='ocrx_word' id='word_1_376' title='bbox 1270 2027 1431 2062; x_wconf 86' lang='lat' dir='ltr'>fortasse</span> 
     </span>
     <span class='ocr_line' id='line_1_38' title="bbox 87 2074 1432 2124; baseline 0.003 -14"><span class='ocrx_word' id='word_1_377' title='bbox 87 2074 203 2110; x_wconf 88' lang='lat' dir='ltr'>etiam</span> <span class='ocrx_word' id='word_1_378' title='bbox 235 2087 271 2121; x_wconf 92' lang='lat' dir='ltr'>p.</span> <span class='ocrx_word' id='word_1_379' title='bbox 291 2079 330 2121; x_wconf 88' lang='lat'>2,</span> <span class='ocrx_word' id='word_1_380' title='bbox 351 2080 393 2112; x_wconf 94' lang='grc'>17</span> <span class='ocrx_word' id='word_1_381' title='bbox 413 2078 481 2124; x_wconf 87' lang='grc' dir='ltr'>(β),</span> <span class='ocrx_word' id='word_1_382' title='bbox 519 2087 763 2122; x_wconf 83' lang='lat' dir='ltr'>quamquam,</span> <span class='ocrx_word' id='word_1_383' title='bbox 797 2076 829 2111; x_wconf 91' lang='lat' dir='ltr'>si</span> <span class='ocrx_word' id='word_1_384' title='bbox 858 2077 942 2121; x_wconf 89' lang='lat' dir='ltr'>quis</span> <span class='ocrx_word' id='word_1_385' title='bbox 974 2077 1045 2112; x_wconf 94' lang='lat' dir='ltr'>hoc</span> <span class='ocrx_word' id='word_1_386' title='bbox 1075 2077 1157 2113; x_wconf 91' lang='lat' dir='ltr'>loco</span> <span class='ocrx_word' id='word_1_387' title='bbox 1192 2078 1432 2115; x_wconf 87' lang='lat' dir='ltr'>omissionem</span> 
     </span>
     <span class='ocr_line' id='line_1_39' title="bbox 86 2127 1430 2179; baseline 0.004 -16"><span class='ocrx_word' id='word_1_388' title='bbox 86 2127 242 2163; x_wconf 88' lang='lat' dir='ltr'>librario</span> <span class='ocrx_word' id='word_1_389' title='bbox 263 2128 454 2175; x_wconf 79' lang='lat' dir='ltr'>archetypi</span> <span class='ocrx_word' id='word_1_390' title='bbox 474 2130 580 2165; x_wconf 90' lang='lat' dir='ltr'>codd.</span> <span class='ocrx_word' id='word_1_391' title='bbox 596 2130 750 2165; x_wconf 87' lang='lat' dir='ltr'>PVat.v</span> <span class='ocrx_word' id='word_1_392' title='bbox 769 2130 948 2176; x_wconf 87' lang='lat' dir='ltr'>imputari</span> <span class='ocrx_word' id='word_1_393' title='bbox 966 2131 1085 2177; x_wconf 87' lang='lat' dir='ltr'>malit,</span> <span class='ocrx_word' id='word_1_394' title='bbox 1107 2143 1181 2167; x_wconf 91' lang='lat' dir='ltr'>non</span> <span class='ocrx_word' id='word_1_395' title='bbox 1199 2133 1430 2179; x_wconf 87' lang='lat' dir='ltr'>repugnabo.</span> 
     </span>
    </p>
   </div>
   <div class='ocr_carea' id='block_1_5' title="bbox 87 2202 368 2208">
    <p class='ocr_par' dir='ltr' id='par_1_11' title="bbox 87 2202 368 2208">
     <span class='ocr_line' id='line_1_40' title="bbox 87 2202 368 2208; baseline 0 0"><span class='ocrx_word' id='word_1_396' title='bbox 87 2202 368 2208; x_wconf 95' lang='lat' dir='ltr'> </span> 
     </span>
    </p>
   </div>
   <div class='ocr_carea' id='block_1_6' title="bbox 89 2240 1432 2334">
    <p class='ocr_par' dir='ltr' id='par_1_12' title="bbox 89 2240 1432 2334">
     <span class='ocr_line' id='line_1_41' title="bbox 184 2240 1432 2291; baseline 0.006 -17"><span class='ocrx_word' id='word_1_397' title='bbox 184 2242 216 2285; x_wconf 96' lang='lat'>1)</span> <span class='ocrx_word' id='word_1_398' title='bbox 244 2240 366 2275; x_wconf 88' lang='lat' dir='ltr'>Simili</span> <span class='ocrx_word' id='word_1_399' title='bbox 383 2251 503 2278; x_wconf 85' lang='lat' dir='ltr'>errore</span> <span class='ocrx_word' id='word_1_400' title='bbox 522 2242 699 2278; x_wconf 87' lang='lat' dir='ltr'>librarius</span> <span class='ocrx_word' id='word_1_401' title='bbox 719 2243 799 2279; x_wconf 90' lang='lat' dir='ltr'>cod.</span> <span class='ocrx_word' id='word_1_402' title='bbox 814 2243 838 2278; x_wconf 91' lang='lat' dir='ltr'><strong>b</strong></span> <span class='ocrx_word' id='word_1_403' title='bbox 857 2256 892 2289; x_wconf 88' lang='lat' dir='ltr'>p.</span> <span class='ocrx_word' id='word_1_404' title='bbox 909 2247 987 2289; x_wconf 87' lang='grc'>136,</span> <span class='ocrx_word' id='word_1_405' title='bbox 1008 2248 1052 2279; x_wconf 85' lang='grc'>23</span> <span class='ocrx_word' id='word_1_406' title='bbox 1079 2244 1143 2280; x_wconf 79' lang='grc' dir='ltr'>καὶ</span> <span class='ocrx_word' id='word_1_407' title='bbox 1163 2241 1249 2281; x_wconf 78' lang='grc' dir='ltr'><strong><em>ἐπεί</em></strong></span> <span class='ocrx_word' id='word_1_408' title='bbox 1270 2245 1432 2291; x_wconf 87' lang='lat' dir='ltr'>scripsit,</span> 
     </span>
     <span class='ocr_line' id='line_1_42' title="bbox 89 2287 837 2334; baseline 0.007 -13"><span class='ocrx_word' id='word_1_409' title='bbox 89 2297 161 2332; x_wconf 90' lang='lat' dir='ltr'>quo</span> <span class='ocrx_word' id='word_1_410' title='bbox 186 2287 286 2323; x_wconf 87' lang='lat' dir='ltr'>facto</span> <span class='ocrx_word' id='word_1_411' title='bbox 314 2288 387 2334; x_wconf 80' lang='grc' dir='ltr'>ἄρα</span> <span class='ocrx_word' id='word_1_412' title='bbox 413 2289 448 2324; x_wconf 91' lang='lat' dir='ltr'>ei</span> <span class='ocrx_word' id='word_1_413' title='bbox 472 2289 721 2326; x_wconf 85' lang='lat' dir='ltr'>omittendum</span> <span class='ocrx_word' id='word_1_414' title='bbox 746 2292 837 2326; x_wconf 87' lang='lat' dir='ltr'>erat.</span> 
     </span>
    </p>
   </div>
  </div>
 </body>
</html>
