1520 2508
134 881 178 913 10

135 1240 178 1271 15

59 1587 180 1633 ¹20

207 121 290 162 126
733 118 999 152 ΔΕΔΟΜΕΝΑ.

204 221 282 257 τοῦ
318 215 404 256 ὑπὸ
441 221 530 255 τῶν
567 214 699 253 ΒΑΓ
734 212 843 267 πρὸς
878 213 926 254 τὸ
963 212 1047 254 ὑπὸ
1085 220 1172 254 τῶν
1201 215 1329 255 ΕΓΔ
1366 215 1516 256 δοθε

203 290 282 325 τοῦ
315 281 363 325 δὲ
392 283 478 324 ὑπὸ
508 289 596 323 τῶν
626 283 758 322 ΒΑΓ
779 281 887 337 πρὸς
916 282 964 323 τὸ
996 284 1134 323 ΑΒΓ
1156 285 1370 337 τρίγωνον
1400 277 1520 338 my]

205 351 295 395 ἐστὶ
326 353 488 406 δοθείς,
520 352 593 392 διὰ
617 351 666 392 τὸ
692 351 901 393 δοθεῖσαν
926 347 1036 392 εἶναι
1062 353 1142 405 τὴν
1165 352 1250 394 ὑπὸ
1273 359 1360 394 τῶν
1380 356 1459 395 ΒΑ

204 420 276 464 καὶ
306 427 385 462 τοῦ
415 421 500 462 ὑπὸ
531 428 619 462 τῶν
644 424 687 462 Λ
696 422 778 462 ΓΕ
805 421 888 476 ἄρα
917 422 1026 475 πρὸς
1053 422 1100 462 τὸ
1126 424 1263 462 ΑΒΓ
1286 424 1413 475 λόγος
1437 414 1516 493 ἔσχ,

205 491 366 540 δοθείς.
417 492 493 531 καί
521 489 610 531 ἐστι
641 490 689 531 τὸ
720 489 804 531 ὑπὸ
831 493 874 530 A
882 492 973 544 ΓΕ,
1006 485 1040 546 ᾧ
1070 491 1214 544 μεῖζόν
1245 489 1333 532 ἐστι
1363 492 1411 532 τὸ
1443 488 1516 532 o'crs'

205 558 537 615 συναμφοτέρου
580 565 656 613 τῆς
692 561 823 600 ΒΑΓ
858 565 935 600 τοῦ
980 558 1062 600 ἀπὸ
1105 565 1180 613 τῆς
1219 561 1320 601 ΒΓ·
1370 555 1404 616 ᾦ
1443 559 1520 612 52]

204 631 348 685 μεῖζόν
379 629 469 671 ε’στι
505 629 553 670 τὸ
585 628 668 669 ἀπὸ
701 627 1031 683 συναμφοτέρου
1068 634 1142 682 τῆς
1173 631 1303 670 ΒΑΓ
1333 634 1410 670 τοῦ
1441 615 1495 669 ἀ-Ᾰ

204 705 279 754 τῆς
315 701 415 752 ΒΓ,
458 698 595 740 έκεῖνο
639 698 687 738 τὸ
724 700 886 753 χωρίον
920 698 1027 752 πρὸς
1063 698 1111 739 τὸ
1148 699 1363 753 τρίγωνον
1396 699 1488 751 λόγ
1514 742 1520 757 =

204 767 287 819 ἕξει
318 767 565 822 δεδομένον.
1492 758 1520 777 *⁴

825 870 904 925 ξη’·
1486 912 1515 927 ,7.

290 951 389 994 Ἐὰν
420 954 500 994 δύο
533 954 739 1006 ἰσογώνια
769 953 1192 1007 παραλληλόγραμμα
1227 953 1336 1007 πρὸς
1366 952 1471 1005 ἄλλη

204 1024 337 1076 λόγον
367 1024 440 1078 ἔχῃ
471 1021 720 1077 δεδομένον,
750 1020 821 1063 καὶ
846 1023 922 1076 μία
946 1022 1112 1076 πλευρὰ
1141 1022 1249 1076 πρὸς
1272 1023 1376 1075 μίαν
1400 1023 1457 1062 πλ
1495 1018 1520 1036 ‘'

205 1093 288 1148 ρὰν
324 1094 456 1145 λόγον
492 1094 564 1147 ἔχῃ
601 1090 855 1146 δεδομένον,
896 1090 968 1132 καὶ
1004 1090 1029 1144 ἡ
1068 1092 1195 1144 λοιπὴ
1225 1090 1389 1144 πλευρὰ
1418 1103 1492 1145 πρ

205 1163 284 1216 τὴν
315 1163 471 1215 λοιπὴν
500 1162 694 1217 πλευρὰν
724 1163 855 1214 λόγον
886 1159 967 1210 ἕξει
999 1158 1243 1214 δεδομένον.

292 1232 373 1273 δύο
410 1231 492 1287 γὰρ
532 1231 739 1284 ἰσογώνια
774 1232 1197 1285 παραλληλόγραμμα
1234 1230 1286 1270 τὰ
1316 1231 1423 1282 ΑΒ,

203 1302 312 1357 πρὸς
342 1302 506 1354 ἄλληλα
538 1302 669 1354 λόγον
700 1298 826 1354 ἐχέτω
853 1298 1100 1353 δεδομένον,
1132 1298 1258 1353 έχέτω
1285 1296 1331 1340 δὲ
1356 1297 1427 1340 καὶ

203 1371 369 1426 πλευρὰ
399 1371 508 1426 πρὸς
537 1372 642 1424 μίαν
671 1370 864 1424 πλευρὰν
888 1371 1020 1422 λόγον
1045 1367 1294 1422 δεδομένον,
1324 1367 1395 1409 καὶ
1420 1367 1510 1409 ἕσ

204 1445 280 1494 τῆς
315 1443 401 1481 ΒΕ
433 1440 542 1494 πρὸς
577 1440 657 1493 τὴν
695 1442 780 1480 ΖΔ
816 1440 943 1492 λόγος
980 1439 1144 1487 δοθείς·
1188 1436 1317 1491 λέγω,
1354 1438 1419 1479 ὅτι
1480 1474 1508 1496 ἶ,

203 1515 279 1564 τῆς
309 1512 399 1550 ΑΕ
426 1510 535 1564 πρὸς
558 1510 637 1563 τὴν
670 1511 756 1550 ΖΓ
780 1510 908 1561 λόγος
939 1506 1028 1549 ἐστὶ
1060 1508 1219 1556 δοθείς.

290 1579 639 1634 παραβεβλήσθω
683 1578 764 1632 γὰρ
801 1577 918 1632 παρὰ
959 1578 1038 1631 τὴν
1081 1579 1162 1618 ΕΒ
1205 1582 1264 1632 τῷ
1308 1578 1387 1618 ΓΔ
1430 1579 1510 1633 ἴσῃ

203 1649 654 1704 παραλληλόγραμμον
684 1648 732 1688 τὸ
763 1649 872 1700 ΕΗ,
905 1645 978 1688 καὶ
1007 1648 1189 1699 κείσθω,
1221 1646 1328 1687 ὥστε
1359 1643 1424 1686 ἐπ’

204 1720 328 1767 θείας
358 1714 470 1759 εἶναι
500 1718 580 1771 τὴν
605 1720 694 1758 ΑΕ
722 1723 772 1772 τῇ
798 1719 899 1757 ΕΘ·
932 1714 997 1757 ἐπ’
1026 1716 1201 1764 εὐθείας
1232 1716 1314 1770 ἄρα
1342 1712 1431 1756 ἐστὶ
1488 1699 1515 1745 s?

204 1787 230 1842 ἡ
261 1789 346 1828 KB
378 1793 429 1843 τῇ
460 1789 559 1828 ΒΗ.

293 1854 383 1898 ἐπεὶ
415 1852 496 1898 οὖν
526 1856 654 1908 λόγος
685 1852 774 1895 ἐστὶ
805 1859 882 1894 τοῦ
913 1855 998 1894 AB
1034 1854 1143 1907 πρὸς
1173 1853 1220 1893 τὸ
1254 1854 1331 1893 ΓΔ
1365 1852 1513 1918 δοθε»,Δ

300 1985 330 2016 5.
357 1981 428 2016 ὑπὸ
453 1987 525 2016 τῶν
551 1992 583 2014 v.
655 1979 745 2013 Post
768 1979 889 2022 μεῖζον
914 1977 998 2012 hab.
1026 1977 1098 2021 ἄρα
1122 1977 1268 2022 punctis
1288 1976 1358 2011 del.
1377 1976 1415 2011 P.

206 2027 415 2071 Sequuntur
439 2029 513 2062 tres
539 2026 735 2060 demonstr.
762 2023 875 2068 aliae,
907 2035 940 2058 u.
968 2035 1049 2068 app.
1154 2027 1207 2058 10.
1234 2023 1311 2069 ξη’]
1337 2022 1388 2064 ξζ’
1415 2022 1455 2066 b,
1491 2034 1516 2085 Ι

206 2073 258 2108 sic
284 2074 465 2118 deinceps.
575 2076 628 2107 11.
656 2069 1027 2115 παραλληλόγραμμα]
1053 2068 1211 2115 τρίγωνα
1235 2081 1268 2114 v,
1301 2080 1389 2103 corr.
1415 2080 1461 2103 m.
1502 2099 1515 2123 ,1

205 2122 243 2154 et
268 2120 320 2154 sic
345 2119 408 2155 lin.
437 2124 478 2154 15
505 2121 542 2154 et
566 2130 632 2164 per
654 2129 781 2163 propp.
807 2116 1135 2151 LXIX—LXXIV.
1261 2115 1351 2160 πρὸς
1375 2114 1514 2159 ‹322an

205 2177 273 2201 om.
300 2166 384 2202 Vah.
482 2170 535 2201 12.
564 2165 583 2200 ἔ
605 2178 636 2200 ει
660 2176 693 2199 v.
795 2167 849 2198 13.
876 2161 961 2208 καί]
989 2174 1056 2198 om.
1083 2163 1118 2197 b.
1222 2165 1275 2197 16.
1303 2161 1319 2196 ἐ
1344 2159 1409 2196 ε’τω
1428 2162 1482 2206 (p-.
1500 2175 1514 2207 2!

205 2211 383 2258 ἐχέτωσαν
413 2213 447 2247 b.
586 2210 675 2258 χέτω
701 2210 792 2254 (alt.)
820 2230 861 2235 —
890 2213 942 2244 17.
975 2207 1193 2254 δεδομένον]
1226 2219 1294 2244 om.
1349 2236 1355 2242 .

205 2260 295 2305 BE]
329 2261 396 2293 ΕΒ
421 2259 456 2293 b.
564 2258 660 2292 Ante
689 2254 817 2296 ὃοθείς
846 2255 930 2290 hab.
958 2254 1031 2290 ἐστί
1055 2268 1088 2300 v,
1116 2255 1186 2290 del.
1211 2267 1257 2289 m.
1284 2256 1372 2299 2(‘.>).

208 2306 296 2351 ΖΓ]
326 2308 392 2339 ΓΖ
417 2305 451 2340 b.
561 2308 615 2339 21.
642 2301 1032 2348 παραλληλόγραμμον]
1059 2301 1150 2346 πρός
1173 2301 1257 2336 Vat—
1378 2303 1431 2334 22·
1468 2284 1512 2356 ’ἧς
