1520 2508
110 858 154 889 10

106 1274 149 1305 15

105 1621 150 1651 20

179 87 261 129 116
704 91 972 132 ΔΕΔΟΜΕΝΑ.

799 217 879 273 ἕν’·

233 296 334 339 Ἐὰν
358 299 575 352 τρίγωνον
599 304 658 355 τῷ
684 299 789 341 εἴδει
815 299 1051 354 δεδομένον
1076 297 1116 356 ᾖ,
1146 301 1194 342 τὸ
1221 301 1304 344 ἀπὸ
1326 297 1520 359 §noiomi

177 373 265 408 τῶν
289 369 491 422 πλευρῶν
515 367 650 409 αὐτοῦ
674 369 783 424 πρὸς
806 370 854 410 τὸ
879 371 1096 425 τρίγωνον
1121 372 1252 423 λόγον
1277 370 1358 421 ἕξει
1381 373 1515 414 656³

177 434 321 490 μένον.
1488 456 1519 489 ιζ’

265 507 372 547 ἔστω
410 508 626 561 τρίγωνον
663 506 898 561 δεδομένον
934 513 993 564 τῷ
1026 509 1131 549 εἴδει
1161 509 1209 550 τὸ
1240 512 1390 564 ΑΒΓ,
1431 490 1517 553 καἸ

178 573 502 631 ἀναγεγράφθω
535 575 617 618 ἀπὸ
650 574 827 630 ἑκάστης
857 583 945 618 τῶν
968 580 1168 632 πλευρῶν
1195 578 1331 620 αὐτοῦ
1356 550 1512 654 τετροίΙ

177 659 296 696 γωνα
336 645 388 685 τὰ
419 647 516 699 ΕΒ,
543 647 635 699 ΓΔ,
661 647 759 687 ΓΖ·
802 645 932 700 λέγω,
969 647 1034 688 ὅτι
1071 645 1252 689 ἕκαστον
1287 655 1375 690 τῶν
1405 652 1446 690 Ε
1464 657 1516 706 ius·

178 715 270 768 ΓΔ,
291 716 371 755 ΓΖ
395 715 503 770 πρὸς
527 715 575 756 τὸ
595 717 732 756 ΑΒΓ
756 717 971 770 τρίγωνον
996 717 1128 768 λόγον
1152 715 1234 767 ἕξει
1255 717 1494 772 δεδομένον
1511 711 1517 743 ⁵³

264 781 355 824 ἐπεὶ
392 784 475 839 γὰρ
513 783 596 825 ἀπὸ
633 789 708 838 τῆς
743 784 876 838 αὐτῆς
917 785 1092 834 εὐθείας
1133 791 1208 839 τῆς
1245 788 1333 828 ΒΓ
1368 778 1517 845 εὐθύἸ

179 867 351 908 γραμμα
384 851 595 906 δεδομένα
625 859 684 909 τῷ
711 853 816 894 εῖδει
843 853 1175 908 ἀναγέγραπται,
1206 854 1232 896 ἃ
1258 857 1420 910 ἔτυχεν,
1449 843 1519 907 τὴς

178 923 440 975 ABR-TA,
472 923 600 974 λόγος
629 922 713 977 ἄρα
743 928 821 964 τοῦ
852 925 990 964 ΑΒΓ
1013 924 1121 979 πρὸς
1151 925 1198 965 τὸ
1231 926 1310 965 ΓΔ
1341 925 1517 975 δοθείς

178 991 251 1032 διὰ
282 991 334 1032 τὰ
372 990 482 1032 αὐτὰ
512 991 566 1045 δὴ
603 989 676 1032 καὶ
712 989 914 1047 ἑκατέρου
952 999 1039 1034 τῶν
1070 995 1171 1046 ΕΒ,
1199 995 1285 1034 ΖΓ
1315 995 1423 1049 πρὸς
1452 993 1516 1049 το]

177 1062 314 1101 ΑΒΓ
338 1062 554 1115 τρίγωνον
585 1062 713 1113 λόγος
744 1060 833 1103 ἐστὶ
864 1062 1024 1111 δοθείς.
1515 1050 1518 1055 ¹

798 1187 878 1238 ξδ’·
1512 1230 1516 1234 .

259 1266 359 1309 Ἐὰν
390 1270 606 1324 τρίγωνον
638 1268 846 1323 ἀμβλεῖαν
877 1271 950 1324 ἔχῃ
981 1271 1146 1322 γωνίαν
1177 1268 1434 1324 δεδομένην,
1473 1268 1518 1324 11⁵¹

175 1339 319 1391 μεῖζον
357 1338 541 1379 δύναται
583 1338 610 1392 ἡ
647 1339 727 1392 τὴν
763 1338 972 1392 ἀμβλεῖαν
1008 1341 1172 1392 γωνίαν
1213 1339 1518 1382 ὑποτείνουσαν

175 1407 340 1461 πλευρὰ
376 1414 465 1448 τῶν
494 1408 575 1461 τὴν
606 1407 815 1462 ἀμβλεῖαν
851 1409 1016 1461 γωνίαν
1051 1416 1344 1464 περιεχουσῶν
1373 1412 1480 1451 πλευ
1500 1435 1518 1467 '2'

177 1483 286 1530 ρῶν,
330 1475 468 1517 ἐκεῖνο
505 1477 553 1517 τὸ
590 1478 752 1532 χωρίον
788 1477 897 1532 πρὸς
927 1478 975 1519 τὸ
1005 1479 1221 1533 τρίγωνον
1257 1479 1388 1531 λόγον
1419 1477 1499 1528 ἕξε

175 1543 423 1599 δεδομένον.

263 1615 371 1656 ἔστω
414 1616 629 1669 τρίγωνον
671 1614 977 1669 ἀμβλυγώνιον
1022 1617 1070 1658 τὸ
1113 1618 1250 1658 ΑΒΓ
1292 1615 1509 1671 ἀμβλεῖα

174 1684 340 1736 γωνίαν
359 1684 459 1738 ἔχον
483 1684 563 1737 τὴν
586 1683 672 1726 ὑπὸ
691 1691 779 1726 τῶν
797 1687 935 1726 ΑΒΓ
960 1683 1209 1739 δεδομένην,
1233 1684 1304 1726 καὶ
1329 1686 1520 1740 διήχθω

176 1750 241 1793 ἐπ’
264 1752 440 1801 εὐθείας
464 1758 539 1806 τῆς
564 1754 652 1794 ΒΓ
670 1753 821 1795 εὐθεῖα
845 1753 871 1807 ἡ
891 1757 985 1807 ΒΔ,
1010 1753 1081 1795 καὶ
1105 1755 1228 1808 ἤχθω
1253 1754 1336 1796 ἀπὸ
1359 1760 1437 1796 τοῦ

176 1820 245 1862 ἐπὶ
275 1823 355 1876 τὴν
387 1823 466 1863 ΓΔ
494 1822 679 1871 κάθετος
708 1821 734 1875 ἡ
765 1826 867 1864 ΑΔ·
900 1822 1029 1877 λέγω,
1061 1823 1140 1877 ὅτι,
1171 1819 1205 1880 ᾦ
1235 1825 1377 1877 μεῖζόν
1409 1823 1479 1866 ἐστ
1490 1812 1519 1853 5⁸

270 1996 301 2027 3.
327 1998 400 2028 τῶν
425 1993 607 2074 πλευρῶνέ
631 1998 695 2038 τῆς
718 1994 875 2037 πλευρᾶς
899 1993 933 2028 b.
1012 1993 1102 2028 Post
1125 1995 1239 2029 αὐτοῦ
1265 1994 1349 2029 add.
1374 2006 1468 2038 τετρ

177 2051 296 2083 γωνον
320 2039 446 2075 ἷΤεᾹῡΝ.
526 2042 557 2074 5.
609 2037 785 2084 εδομένον
809 2043 858 2086 τῷ
884 2038 988 2086 εἴδει]
1016 2050 1084 2074 om.
1110 2039 1145 2076 b.
1218 2045 1249 2075 6.
1274 2039 1483 2085 τετράγωνα

178 2095 293 2129 comp.
318 2084 403 2120 Vah.
524 2088 555 2120 8.
591 2086 670 2131 ΓΔ]
702 2088 778 2121 ΔΓ
798 2085 832 2120 b.
951 2087 1081 2132 ΑΒΓ]
1115 2089 1150 2120 Γ
1178 2086 1263 2121 add.
1293 2098 1340 2121 m.
1367 2091 1387 2121 2
1413 2086 1469 2122 Va

225 2130 310 2177 ἔξει]
345 2131 417 2178 ἔχει
448 2131 482 2166 b.
604 2135 634 2167 9.
666 2131 766 2212 ἀπόέ
794 2142 863 2166 om.
889 2131 923 2166 b.
1044 2136 1097 2167 10.
1131 2131 1221 2167 εἴδει
1253 2131 1376 2178 ἔτυχεν
1407 2133 1480 2168 ἀνα
1514 2151 1515 2154 ¹

176 2175 377 2222 γέγραπται
401 2177 446 2212 τά
472 2176 509 2223 (ἅ
529 2180 612 2222 om.)
638 2178 672 2213 b.
764 2190 848 2224 τυχε
871 2178 956 2213 Vat.
1039 2182 1091 2213 11.
1117 2181 1225 2213 ΑΒΓ
1239 2178 1347 2225 (alt.)]
1375 2181 1438 2214 ΓΔ
1471 2184 1515 2207 ν’

223 2223 279 2269 τό]
306 2234 374 2259 om.
401 2224 439 2259 P.
563 2225 641 2270 ΓΔ]
676 2227 770 2259 ΓΑΒ
794 2222 973 2269 τρίγωνον
999 2226 1142 2269 (comp.)
1166 2224 1201 2259 b.
1322 2229 1374 2260 16.
1405 2225 1489 2270 ὑπ,

174 2267 360 2316 τείνουσα]
386 2283 451 2305 -αν
476 2282 514 2315 v,
542 2270 613 2305 del.
633 2284 655 2306 ν
679 2282 725 2305 m.
747 2274 777 2305 2.
880 2274 934 2305 21.
961 2269 1099 2316 γωνίαν
1127 2270 1224 2317 ἔχον]
1249 2271 1295 2317 Ρ,
1320 2284 1382 2307 -ον
1406 2280 1485 2306 con·
