1520 2508
532 64 903 99 PROLEGOMENA.
1222 60 1398 96 XXXVII

141 160 268 196 Plures
300 157 461 194 Theonis
488 157 769 193 emendationes
802 158 841 192 et
875 155 1104 192 mutationes
1134 166 1256 202 pauca
1281 156 1399 191 uerba

0 233 2 242 ›
50 213 336 260 amplectuntur:

139 280 175 314 p.
202 270 256 312 10,
284 270 375 301 7—-8
414 265 516 311 quod
546 276 612 311 pro
643 263 736 310 πρός
761 285 807 290 —-
832 261 1038 309 δεδομένον
1071 262 1236 309 scripsit,
1274 261 1397 308 magis

49 320 282 368 perspicuum
307 330 388 354 esse
414 317 647 354 existimauit
671 317 751 363 (cfr.
772 317 837 353 lin.
861 319 1024 362 18—19).
1064 316 1195 351 eadem
1215 315 1262 351 de
1282 327 1398 351 causa

48 387 84 422 p.
102 378 159 418 44,
180 377 222 408 23
249 384 316 419 pro
342 373 464 407 αὐτῶν
489 371 631 417 recepit
654 377 729 406 τῶν
754 374 799 414 Δ,
823 373 862 405 Ζ.
913 370 976 405 cfr.
1004 369 1120 405 etiam
1144 381 1180 415 p.
1202 372 1258 414 92,
1280 373 1311 405 1.

139 439 174 473 p.
196 430 251 472 26,
272 430 316 461 23
341 437 408 472 pro
428 427 479 473 τῷ
505 423 702 460 substituit
721 424 821 471 αὐτῷ
842 423 873 468 ὁ,
900 423 990 468 quia
1016 423 1192 458 subtilius
1211 422 1397 458 limatius-

49 491 118 527 que
143 479 179 516 ei
203 480 326 515 uisum
351 480 418 524 est,
443 478 638 523 rationem,
665 489 779 522 quam
805 477 935 512 datam
961 487 1041 512 esse
1067 476 1302 522 suppositum
1328 476 1396 520 est,

46 533 194 579 rationi,
220 545 334 578 quam
353 533 483 568 datam
502 543 582 567 esse
603 532 901 567 demonstratum
921 531 989 576 est,
1011 530 1208 575 aequalem
1226 528 1397 576 proponi,

47 598 159 633 quam
188 587 287 622 hanc
318 586 387 622 illi.
447 585 620 621 similiter
649 597 685 630 p.
713 588 775 629 68,
804 588 846 618 21
880 595 946 630 pro
971 587 1021 630 τῷ
1054 583 1204 629 scripsit
1230 584 1329 630 αὐτῷ
1356 581 1397 616 τό
1426 583 1430 588 ”

47 642 95 686 (p.
118 644 172 686 70,
199 644 243 675 22
268 639 479 675 mutatione
506 638 712 683 abstinuit).
768 639 882 682 atque
913 637 1013 672 idem
1045 638 1194 672 secutus
1228 638 1285 672 est
1318 636 1398 671 sine

45 693 159 729 dubio
184 707 219 740 p.
241 697 297 739 38,
319 697 380 738 13,
406 693 446 728 in
465 692 633 728 articulis
653 691 753 727 enim
774 690 950 736 peccauit
968 689 1156 726 librarius.
1198 702 1234 736 p.
1256 693 1312 734 28,
1334 692 1398 733 22,

48 750 104 791 40,
125 750 168 781 13
194 746 323 782 Theon
346 758 421 782 non
447 745 622 781 mutauit.

141 813 177 846 p.
196 804 255 845 42,
275 804 318 835 21
340 800 375 835 ei
394 800 603 845 asyndeton
624 798 836 845 displicuit3
863 808 977 842 quare
996 796 1062 832 καὶ
1082 795 1184 832 ἔσται
1208 807 1275 843 pro
1297 796 1399 832 ἔσται

48 855 117 888 καί
138 853 297 899 scripsit.

141 919 176 952 p.
196 910 253 951 46,
273 910 294 942 6
319 907 360 942 τὸ
387 906 428 942 δὲ
453 906 527 942 ὑπὸ
552 911 625 941 τῶν
646 909 689 949 Δ,
713 908 740 940 Ζ
766 906 847 941 ἴσον
873 908 923 952 τῷ
949 904 1024 939 ἀπὸ
1044 909 1108 950 τῆς
1127 906 1160 939 Ε
1185 903 1313 950 posuit
1329 914 1398 949 pro

47 963 98 1007 τῷ
122 959 163 995 δὲ
188 960 262 995 ὑπὸ
286 965 359 995 τῶν
379 963 423 1004 Δ,
447 962 475 994 Ζ
502 961 581 995 ἴσον
606 959 648 995 τὸ
674 959 749 994 ἀπὸ
774 964 839 1004 τῆς
859 960 902 1003 Ε,
929 958 1029 1002 quod
1054 969 1121 1004 pro
1147 961 1181 992 Α
1195 968 1241 995 ><
1257 960 1284 992 Ζ
1311 957 1397 992 sub-

51 1012 280 1048 stituendum
304 1014 386 1048 erat
411 1013 478 1048 E2.
518 1013 597 1058 (lin.
619 1016 710 1048 5-—6
741 1023 817 1047 non
848 1011 1012 1046 mutauit
1041 1022 1163 1056 neque
1188 1023 1223 1056 p.
1251 1014 1331 1055 134,
1359 1014 1398 1054 7,

51 1070 135 1111 160,
163 1070 317 1111 11—13,
350 1070 518 1110 21—233
558 1069 642 1111 164,
671 1065 885 1111 16—171).)
953 1064 1069 1099 simili
1106 1063 1399 1100 commutatione

51 1118 167 1154 etiam
189 1130 225 1164 p.
247 1122 302 1164 70,
324 1122 461 1154 11-12
489 1119 656 1154 consulto
682 1130 771 1153 usus
797 1129 877 1153 esse
903 1117 1062 1163 uidetur,
1088 1117 1180 1153 licet
1203 1116 1400 1152 librarium

51 1183 198 1218 quoque
222 1183 395 1218 peccasse
422 1172 652 1218 adpareat2).
702 1185 737 1218 p.
759 1176 815 1217 68,
838 1176 898 1217 10,
934 1175 1015 1217 200,
1036 1175 1078 1206 21
1112 1170 1242 1206 Theon
1267 1170 1400 1216 culpae

52 1235 180 1270 expers
205 1227 272 1261 est.

143 1291 179 1324 p.
200 1282 257 1324 50,
278 1283 323 1314 20
348 1279 396 1319 ὡς
419 1290 486 1324 pro
512 1279 577 1314 καὶ
597 1277 686 1314 ἔστω
713 1277 891 1323 scriptum
918 1277 1061 1314 Theoni
1085 1289 1161 1313 non
1182 1277 1400 1322 tribuerim;

49 1343 84 1377 p.
106 1335 162 1376 50,
183 1335 221 1376 2,
247 1335 304 1377 52,
327 1335 368 1367 11
396 1331 548 1377 quidem
572 1331 613 1367 id
638 1332 824 1367 intactum
850 1331 1013 1376 reliquit.
1058 1332 1107 1372 ὡς
1130 1331 1257 1367 nescio
1284 1343 1334 1366 an
1354 1342 1400 1366 ex

51 1384 280 1431 compendiis
305 1384 404 1421 male
429 1384 632 1420 intellectis
657 1387 788 1420 natum
814 1384 874 1419 sit.

142 1449 178 1483 p.
206 1441 284 1483 122,
311 1441 331 1472 2
370 1437 499 1483 anguli
536 1437 762 1484 significatio
799 1437 822 1482 ἡ
853 1438 947 1483 πρὸς
976 1441 1026 1485 τῷ
1051 1441 1080 1473 Α
1118 1437 1154 1473 ei
1185 1436 1398 1484 displicuit;

50 1501 166 1536 quare
191 1489 341 1526 solitam
365 1491 438 1526 ὑπὸ
460 1496 533 1526 τῶν
552 1494 661 1538 ΒΑΓ
682 1491 860 1536 restituit,
885 1504 921 1537 p.
944 1495 1023 1537 156,
1044 1495 1063 1526 1
1091 1493 1218 1527 autem
1237 1491 1330 1537 πρὸς
1348 1495 1398 1538 τῷ

49 1543 200 1580 deleuit.

143 1609 179 1643 p.
206 1600 292 1642 208,
327 1600 370 1632 19
411 1597 555 1633 Theoni
590 1609 657 1644 pro
695 1596 820 1644 μεῖζόν
856 1595 932 1634 ἐστι
969 1598 1133 1633 libuerat
1171 1597 1399 1633 substituere

50 1648 237 1696 ὑπερέχει,
262 1649 438 1686 librarius
465 1652 591 1686 autem
615 1653 816 1697 postquam
843 1651 994 1698 scripsit
1012 1651 1076 1687 lin.
1093 1655 1137 1687 19
1163 1649 1399 1698 συναμφοτέ-

50 1716 135 1749 ρου,
166 1703 283 1739 oculis
313 1703 428 1739 rediit
459 1704 507 1740 ad
538 1704 602 1740 lin.
634 1708 678 1740 18
710 1705 995 1751 συναμφοτέρου
1026 1705 1156 1751 itaque
1186 1705 1304 1741 uerba
1334 1710 1401 1750 τῆς

51 1759 158 1792 ΓΑΔ
182 1758 246 1793 καὶ
269 1762 334 1802 τῆς
357 1760 422 1792 ΑΒ
448 1757 636 1803 repetiuit.

143 1823 179 1856 p.
201 1814 280 1856 214,
299 1814 389 1845 1—2
411 1810 599 1847 Theonem
619 1812 845 1847 constructio
864 1812 1065 1847 uerborum
1084 1811 1256 1854 offendit3
1283 1822 1399 1856 quare

51 1865 284 1908 προσκείσθω
315 1864 412 1900 falso
450 1864 711 1911 interpolauit;
749 1865 809 1910 δέ,
847 1866 948 1910 quod
984 1867 1137 1911 propter
1174 1865 1399 1900 antecedens

54 1911 140 1950 ἐπεί
164 1915 252 1951 ferri
275 1927 350 1952 non
374 1918 515 1963 potest,
555 1917 754 1953 delendum
781 1929 861 1954 esse
886 1930 962 1954 non
987 1918 1101 1963 uidit;
1141 1917 1233 1954 οὖσα
1259 1919 1398 1963 autem⁷

50 1970 249 2014 postquam
272 1983 311 2005 τε
335 1969 558 2016 inculcauit,
585 1971 714 2007 deesse
739 1983 849 2018 posse
875 1972 910 2007 ei
937 1971 1060 2006 uisum
1086 1973 1152 2007 est.

147 2021 305 2058 Theonis
324 2024 552 2059 mutationes
572 2024 688 2059 etiam
709 2025 758 2060 ad
778 2024 928 2071 singula
946 2025 1062 2060 uerba
1075 2024 1274 2071 pertinent,
1294 2025 1401 2060 uelut

51 2087 87 2121 p.
116 2079 194 2121 156,
221 2079 242 2110 2
275 2077 387 2121 δῆλον
419 2077 570 2124 scripsit
599 2089 666 2124 pro
699 2076 806 2124 λέγω,
843 2091 879 2123 p.
909 2081 964 2123 14,
990 2082 1010 2112 9
1043 2079 1184 2114 κείσθω
1215 2090 1281 2124 pro
1310 2078 1400 2114 ἔστω

148 2196 184 2239 1)
209 2194 288 2230 Hoc
312 2194 394 2231 loco
418 2197 459 2232 τό
485 2198 524 2232 et
547 2201 596 2243 τῷ
622 2196 661 2231 in
686 2196 772 2232 Vat.
798 2182 1013 2242 permutata
1038 2198 1134 2232 sunt.

148 2244 183 2287 2)
208 2241 382 2278 Euclides
411 2254 458 2278 ne
490 2244 530 2279 in
554 2244 759 2279 Elementis
792 2244 943 2288 quidem
974 2244 1070 2279 illud
1105 2245 1264 2280 chiasmi
1290 2256 1401 2290 quem

53 2290 192 2324 uocant
215 2301 333 2335 genus
359 2291 516 2337 spreuit,
542 2291 647 2327 uelut
673 2291 746 2327 uol.
767 2291 818 2326 IV
843 2304 877 2337 p.
900 2295 979 2338 278,
1002 2296 1151 2328 12-13.
