1520 2508
146 110 229 152 158
656 103 659 106 ’
672 111 939 146 ΔΕΔοΜΕΝΑ.

143 205 266 258 ἤχθω
305 204 387 246 ἀπὸ
425 210 502 245 τοῦ
532 206 585 245 Η
615 210 666 259 τῇ
700 207 793 245 ΖΗ
822 206 930 260 πρὸς
966 204 1106 261 ὀρθὰς
1135 206 1161 260 ἡ
1192 209 1302 247 HK·
1345 205 1470 250 θέσε

143 274 227 328 ἄρα
254 272 371 314 ἐστὶν
395 272 421 326 ἡ
447 275 553 314 ΗΚ.
607 272 679 314 καὶ
709 275 974 328 πεποιήσθω,
1006 275 1064 324 ὡς
1093 274 1120 328 ἡ
1145 278 1234 316 ΒΓ
1255 277 1363 331 πρὸς
1387 291 1411 318 τ
1460 306 1463 311 ⁴
1498 301 1506 330 3

143 345 243 396 AE,
275 342 413 392 οὕτως
443 341 469 395 ἡ
503 345 596 383 ΖΗ
625 343 734 398 πρὸς
766 344 845 397 τὴν
875 346 981 385 ΗΚ.
1043 346 1169 397 λόγος
1201 342 1248 385 δὲ
1278 351 1354 399 τῆς
1383 349 1420 387 Β
1465 376 1467 379 «

141 412 251 466 πρὸς
286 412 366 465 τὴν
397 414 487 452 ΑΕ
521 412 689 460 δοθείς·
732 414 860 465 λόγος
896 413 979 467 ἄρα
1014 411 1086 454 καὶ
1121 419 1196 467 τῆς
1229 416 1322 454 ΖΗ
1357 415 1502 469 amba-53

96 487 116 518 5
141 481 221 534 τὴν
267 483 365 521 ΗΚ
404 481 569 530 δοθείς·
618 481 801 522 δοθεῖσα
843 479 891 523 δὲ
934 481 959 535 ἡ
999 485 1106 523 ΖΗ·
1157 483 1338 524 δοθεῖσα
1381 483 1503 539 &pm

138 548 211 590 καὶ
242 548 268 602 ἡ
294 551 399 591 ΗΚ.
449 550 557 591 ἀλλὰ
587 549 658 591 καὶ
689 556 740 606 τῇ
771 549 908 592 θέσει·
939 554 1016 592 καί
1043 551 1131 593 ε’στι
1163 550 1298 594 δοθὲν
1328 554 1376 594 τὸ
1400 555 1461 594 H·
1472 570 1476 573 ¹

141 615 277 660 δοθὲν
307 619 391 674 ἄρα
421 617 493 660 καὶ
523 619 570 661 τὸ
602 622 653 660 Κ.
715 620 837 673 ἤχθω
870 620 943 660 διὰ
973 626 1051 661 τοῦ
1082 622 1127 661 Κ
1155 627 1206 677 τῇ
1240 625 1333 663 ΖΗ
1356 610 1515 681 amp-⁸:

140 688 323 741 άλληλος
353 687 379 741 ἡ
410 690 514 729 ΚΘ·
545 687 668 730 θέσει
699 689 782 744 ἄρα
814 687 931 731 ἐστὶν
960 688 986 742 ἡ
1021 691 1121 731 ΘΚ·
1161 689 1282 732 θέσει
1314 689 1361 732 δὲ
1390 690 1461 732 καὶ
1503 675 1510 722 21

139 757 187 798 τὸ
221 759 363 798 ΖΘΗ
387 762 546 811 τμῆμα·
578 754 714 799 δοθὲν
739 758 822 813 ἄρα
853 756 942 799 ἐστὶ
972 759 1020 799 τὸ
1055 761 1092 799 Θ
1123 767 1310 814 σημεῖον.
1371 759 1462 801 ἐπε-
1484 768 1517 815 f

73 833 116 864 10
143 826 393 880 ζεύχθωσαν
424 827 472 867 αἱ
495 829 591 880 ΖΘ,
607 829 708 880 ΘΗ,
739 825 810 868 καὶ
840 828 963 880 ἤχθω
994 827 1179 877 κάθετος
1208 828 1234 882 ἡ
1263 831 1358 870 ΘΛ·
1390 830 1461 871 δο-

138 899 267 937 θεῖσα
310 896 394 950 ἄρα
434 894 551 936 ἐστὶν
588 895 614 949 ἡ
654 898 743 936 ΘΛ.
805 898 894 937 ἔστι
932 894 979 937 δὲ
1014 895 1086 938 καὶ
1123 898 1171 938 τὸ
1212 900 1248 938 Θ
1284 906 1461 952 σημεῖον

139 963 295 1018 δοθέν,
334 962 406 1005 καὶ
443 963 644 1019 ἑκάτερον
680 971 768 1006 τῶν
801 967 855 1018 Ζ,
880 967 945 1006 Η·
990 964 1162 1006 δέδοται
1193 966 1276 1020 ἄρα
1307 965 1460 1021 ἑκάστη
1496 977 1508 1007 ’ζ

138 1040 226 1075 τῶν
260 1036 355 1087 ΘΖ,
383 1036 483 1087 ΖΗ,
513 1035 608 1075 ΘΗ
632 1039 683 1088 τῇ
715 1032 837 1075 θέσει
867 1033 938 1075 καὶ
969 1040 1028 1090 τῷ
1059 1034 1250 1088 μεγέθει·
1288 1034 1460 1078 δέδοται

138 1103 222 1158 ἄρα
252 1103 300 1144 τὸ
334 1105 474 1144 ΖΘΗ
504 1104 720 1158 τρίγωνον
757 1109 815 1159 τῷ
848 1104 963 1144 εἴδει.
1017 1102 1089 1144 καὶ
1121 1103 1213 1145 ἐπεί
1241 1103 1371 1158 ἐστιν,
1403 1105 1460 1154 ὡς
1481 1102 1518 1153 Ξ

68 1179 111 1210 15
137 1172 163 1226 ἡ
189 1174 279 1214 ΒΓ
302 1173 411 1228 πρὸς
441 1173 521 1227 τὴν
545 1175 644 1226 ΑΕ,
677 1172 814 1221 οὕτως
845 1171 870 1225 ἡ
899 1175 992 1214 ΖΗ
1015 1173 1124 1228 πρὸς
1148 1173 1227 1226 τὴν
1251 1175 1357 1227 ΗΚ,
1389 1178 1457 1228 ἴση

137 1239 185 1283 δὲ
215 1241 241 1295 ἡ
272 1243 371 1283 ΗΚ
396 1247 448 1297 τῇ
482 1244 574 1295 ΘΛ,
605 1243 722 1283 ἔστιν
753 1242 836 1297 ἄρα
867 1241 926 1291 ὡς
955 1241 981 1295 ἡ
1008 1242 1096 1283 ΒΓ
1119 1243 1227 1297 πρὸς
1256 1243 1335 1296 τὴν
1360 1246 1458 1296 ΛΕ,
1508 1259 1517 1301 3

137 1311 274 1360 οὕτως
311 1310 336 1364 ἡ
377 1313 471 1352 ΖΗ
506 1312 614 1366 πρὸς
654 1311 734 1365 τὴν
767 1313 857 1352 ΘΛ.
928 1313 1005 1352 καί
1037 1310 1155 1352 ἐστιν
1198 1314 1268 1364 ἴση
1310 1311 1335 1365 ἡ
1373 1311 1457 1354 ὑπὸ
1506 1301 1515 1318 ¹³

135 1387 224 1422 τῶν
254 1382 388 1422 ΒΑΓ
415 1382 553 1434 γωνία
589 1386 640 1435 τῇ
672 1379 757 1421 ὑπὸ
788 1387 875 1422 τῶν
907 1381 1061 1421 ΖΘΗ·
1108 1381 1339 1433 ἰσογώνιον
1375 1382 1458 1436 ἄρα
1511 1368 1519 1445 ἱ

136 1448 225 1491 ἐστὶ
256 1450 304 1491 τὸ
336 1452 422 1490 ΑΒ
433 1451 474 1491 Γ
502 1451 719 1505 τρίγωνον
750 1455 808 1505 τῷ
844 1451 983 1490 ΘΖΗ
1014 1450 1226 1506 τριγώνῳ.
1286 1449 1457 1492 δέδοται
1508 1452 1515 1502 2·ss

66 1524 111 1556 20
137 1515 184 1560 δὲ
214 1519 262 1560 τὸ
297 1521 436 1560 ΘΖΗ
467 1521 682 1574 τρίγωνον
719 1523 778 1574 τῷ
815 1518 938 1560 εῖδει·
982 1517 1155 1560 δέδοται
1187 1519 1270 1573 ἄρα
1305 1518 1378 1560 καὶ
1408 1520 1456 1561 τὸ

135 1590 275 1629 ΑΒΓ
296 1589 512 1644 τρίγωνον
542 1593 601 1644 τῷ
633 1588 750 1629 εἴδει.
1510 1581 1512 1584 ’

753 1713 842 1756 πα’.

218 1793 319 1836 Ἐὰν
349 1802 463 1850 τρεῖς
493 1795 662 1836 εὐθεῖαι
694 1794 909 1847 ἀνάλογον
940 1791 1066 1837 οὖσαι
1095 1793 1237 1849 τρισὶν
1262 1794 1454 1845 εὐθείαις
1517 1796 1520 1800 ’

134 1863 351 1917 ἀνάλογον
381 1865 533 1913 οὔσαις
562 1865 638 1913 τὰς
669 1865 802 1919 ἄκρας
833 1863 879 1906 ἐν
904 1862 1120 1920 δεδομένῳ
1146 1865 1259 1920 λόγῳ
1286 1865 1454 1918 ἔχωσιν,

63 1939 108 1971 25
133 1932 204 1975 καὶ
235 1934 311 1982 τὰς
341 1932 472 1988 μέσας
507 1932 554 1975 ἐν
585 1932 802 1990 δεδομένῳ
834 1935 946 1990 λόγῳ
985 1931 1173 1983 ἕξουσιν·
1215 1931 1288 1974 καὶ
1319 1932 1394 1975 ἐὰν
1426 1932 1452 1987 ἡ

132 2003 242 2057 ἄκρα
266 2003 375 2058 πρὸς
399 2004 478 2057 τὴν
503 2004 641 2057 ἄκραν
666 2004 796 2055 λόγον
821 2004 894 2057 ἔχῃ
921 2001 1168 2056 δεδομένον,
1200 2001 1271 2043 καὶ
1296 2001 1322 2055 ἡ
1345 2001 1452 2056 μέση
1514 2022 1520 2068 ,ᾗ

226 2109 255 2139 1.
290 2105 387 2150 ΗΚ]
421 2106 497 2140 ΗΘ
527 2104 567 2148 b,
606 2106 644 2138 eb
680 2103 731 2138 sic
768 2103 900 2138 deinde
936 2114 1001 2147 per
1037 2105 1155 2137 totam
1189 2114 1290 2148 prop.
1321 2114 1387 2147 pro
1419 2106 1455 2138 K
1495 2104 1520 2120 ³

130 2151 215 2185 hab.
244 2152 285 2195 Θ,
314 2162 380 2195 pro
408 2152 440 2186 Θ
465 2152 589 2185 autem
616 2155 643 2185 I.
740 2153 770 2185 5.
797 2147 926 2190 δοθείς
951 2170 992 2175 -—
1020 2153 1050 2184 6.
1079 2152 1158 2184 HK
1203 2160 1270 2184 om.
1297 2149 1331 2183 b.
1420 2153 1450 2185 7.

134 2199 208 2232 ZH
255 2199 333 2232 ΘΗ
354 2197 388 2231 b.
474 2199 505 2231 8.
532 2195 594 2243 δέ]
620 2196 693 2240 ἄρα
718 2196 752 2231 b.
838 2199 890 2230 12.
918 2193 1050 2242 δοθέν]
1077 2206 1144 2230 om.
1199 2223 1206 2230 .
1288 2199 1342 2230 16.
1370 2196 1450 2241 ΘΛ]
1489 2198 1491 2202 ”

132 2246 193 2278 ΙΚ
242 2271 250 2287 ‚
276 2243 366 2278 item
390 2243 453 2278 lin.
482 2246 534 2278 17.
632 2246 686 2277 18.
713 2242 801 2289 ἄρα]
827 2253 895 2277 om.
922 2242 956 2276 b.
1055 2245 1107 2276 19.
1137 2242 1270 2287 ΘΖΗ]
1298 2244 1388 2276 ΙΖΒ
1414 2241 1448 2276 b.

177 2288 326 2324 δέδοται
353 2310 394 2315 -
422 2292 475 2324 20.
504 2288 609 2335 εἴδει]
636 2300 704 2324 om.
731 2289 766 2323 b.
886 2292 939 2323 21.
972 2289 1100 2334 ΑΒΓ]
1125 2290 1198 2322 ΑΓ
1215 2288 1254 2322 Ρ.
1367 2287 1447 2330 Seq.
1493 2331 1496 2336 ³
