1520 2508
145 111 229 156 160
671 116 936 150 AEAOMENA.

141 209 250 263 πρὸς
286 210 366 263 τὴν
403 208 538 263 μέσην
573 207 645 250 καὶ
681 208 707 262 ἡ
745 210 872 264 λοιπὴ
909 210 1019 265 ἄκρα
1053 211 1162 265 πρὸς
1197 211 1276 264 τὴν
1306 210 1462 264 λοιπὴν

143 279 281 333 ἄκραν
312 279 444 331 λόγον
475 276 557 328 ἕξει
588 276 833 332 δεδομένον.

230 354 346 401 τρεῖς
375 347 457 402 γὰρ
490 347 659 388 εὐθεῖαι
690 346 905 401 ἀνάλογον
930 345 1057 390 οὖσαι
1082 349 1130 390 αἰ
1151 352 1206 402 A,
1232 351 1282 401 B,
1310 350 1351 389 Γ
1373 363 1463 403 τρι-

141 414 213 457 σὶν
244 415 439 465 εὐθείαις
470 416 688 469 ἀνάλογον
713 417 864 466 οὔσαις
887 425 980 466 ταῖς
1006 421 1061 471 A,
1087 420 1137 471 E,
1165 420 1200 458 Ζ
1230 418 1306 466 τὰς
1331 418 1463 471 ἄκρας

95 493 115 524 5
143 484 189 526 ἑν
214 485 431 542 δεδομένῳ
459 487 572 542 λόγῳ
600 484 824 539 ἐχέτωσαν,
854 485 926 528 καὶ
952 488 1059 528 ἔστω
1085 489 1212 540 λόγος
1230 492 1306 540 τῆς
1324 484 1402 541 μὲν
1422 490 1463 528 A
1499 482 1502 486 ⁴

138 555 247 609 πρὸς
277 555 358 608 τὴν
387 558 430 596 A
461 555 630 608 δοθείς,
669 561 744 608 τῆς
774 552 822 596 δὲ
854 558 895 597 Γ
918 557 1026 611 πρὸς
1055 557 1135 610 τὴν
1167 559 1202 597 Ζ
1233 557 1360 609 λόγος
1391 556 1462 597 δο-
1499 558 1510 607 ἶ]

138 625 252 673 θείς·
302 623 430 677 λέγω,
474 624 539 667 ὅτι
575 622 647 665 καὶ
683 630 758 678 τῆς
793 627 829 666 Β
875 626 983 679 πρὸς
1018 627 1097 679 τὴν
1133 629 1174 666 Ε
1210 627 1337 678 λόγος
1374 623 1462 666 ἐστὶ
1503 639 1520 662 4

140 693 300 741 δοθείς.

227 761 317 803 ἐπεὶ
348 762 429 817 γὰρ
462 764 589 814 λόγος
620 761 709 803 ἐστὶ
734 768 809 816 τῆς
833 761 911 817 μὲν
930 767 972 804 A
1002 764 1110 818 πρὸς
1134 764 1213 817 τὴν
1231 767 1274 804 Δ
1300 764 1461 817 δοθείς,
1517 762 1520 770 ‘

73 838 116 870 10
141 837 218 884 τῆς
248 828 295 872 δὲ
321 833 364 872 Γ
387 832 495 886 πρὸς
525 833 605 885 τὴν
632 835 666 872 Ζ
698 832 860 886 δοθείς,
891 834 1018 885 λόγος
1048 833 1131 888 ἄρα
1161 838 1239 874 τοῦ
1264 832 1348 874 ὑπὸ
1374 839 1461 873 τῶν

138 903 199 953 A,
227 902 269 941 Γ
301 901 409 956 πρὸς
446 902 494 942 τὸ
530 901 615 942 ὑπὸ
653 908 739 943 τῶν
769 905 830 955 A,
858 905 892 943 Z
933 903 1092 951 δοθείς.
1154 902 1262 943 ἀλλὰ
1292 908 1351 958 τῷ
1383 898 1461 955 μὲν

137 969 222 1011 ὑπὸ
254 977 342 1011 τῶν
373 974 434 1024 A,
461 972 503 1011 Γ
540 974 636 1012 ἴσον
673 970 762 1012 ἐστὶ
798 972 845 1013 τὸ
884 971 966 1013 ἀπὸ
1003 977 1078 1025 τῆς
1107 974 1163 1024 Β,
1206 977 1264 1027 τῷ
1298 968 1345 1012 δὲ
1375 970 1459 1012 ὑπὸ

137 1045 226 1079 τῶν
256 1042 318 1091 A,
346 1041 381 1079 Z
420 1042 518 1080 ἴσον
556 1037 644 1080 ἐστὶ
672 1040 730 1082 ,τὸ
767 1039 849 1081 ἀπὸ
884 1046 959 1094 τῆς
990 1044 1038 1082 Ε.
1099 1042 1226 1093 λόγος
1256 1041 1339 1094 ἄρα
1371 1038 1460 1081 ἐστὶ

136 1114 215 1149 τοῦ
248 1107 330 1149 ἀπὸ
361 1114 438 1162 τῆς
468 1111 504 1148 Β
536 1109 644 1162 πρὸς
674 1109 722 1149 τὸ
754 1108 837 1150 ἀπὸ
868 1115 942 1163 τῆς
972 1113 1014 1150 Ε
1047 1110 1212 1158 δοθείς·
1251 1109 1358 1150 ὥστε
1388 1107 1459 1150 καὶ

70 1182 213 1230 15.τῆς
243 1179 280 1217 Β
311 1177 420 1232 πρὸς
451 1178 531 1231 τὴν
561 1180 602 1218 Ε
631 1179 757 1230 λόγος
789 1177 878 1219 ε’στὶ
910 1179 1069 1227 ὃοθείς.
1518 1205 1520 1222 ;

224 1247 330 1287 ἔστω
357 1246 410 1299 δὴ
435 1246 567 1287 πάλιν
591 1252 666 1300 τῆς
689 1245 768 1301 μὲν
787 1252 829 1289 A
853 1249 961 1303 πρὸς
984 1249 1063 1301 τὴν
1082 1252 1124 1289 A
1149 1249 1275 1300 λόγος
1297 1248 1459 1301 ὃοθείς,
1514 1229 1520 1307 {3

135 1321 210 1368 τῆς
247 1313 294 1356 δὲ
332 1318 368 1356 Β
405 1316 514 1371 πρὸς
549 1317 629 1370 τὴν
665 1319 706 1357 Ε
741 1319 868 1370 λόγος
905 1318 1069 1366 δοθείς·
1113 1316 1242 1370 λέγω,
1286 1317 1351 1358 ὅτι
1386 1315 1458 1358 καὶ
1518 1319 1520 1354 ἐ

135 1390 210 1437 τῆς
241 1387 283 1425 Γ
305 1386 414 1441 πρὸς
442 1387 522 1439 τὴν
554 1389 589 1427 Ζ
621 1388 748 1439 λόγος
779 1385 868 1428 ἐστὶ
899 1387 1059 1435 δοθείς.

221 1452 310 1495 ἐπεὶ
342 1456 470 1507 λόγος
501 1454 590 1496 ἐστὶ
620 1462 695 1509 τῆς
725 1453 804 1510 μὲν
834 1459 876 1497 A
904 1457 1013 1511 πρὸς
1042 1457 1120 1509 τὴν
1151 1459 1205 1510 A,
1236 1461 1310 1509 τῆς
1342 1453 1390 1496 δὲ
1422 1458 1458 1496 Β

66 1531 110 1562 20
134 1523 242 1578 πρὸς
278 1524 358 1577 τὴν
394 1527 435 1565 Ε
473 1525 640 1578 δοθείς,
683 1527 811 1578 λόγος
848 1524 936 1567 ἐστὶ
973 1524 1044 1567 καὶ
1081 1531 1158 1566 τοῦ
1194 1524 1277 1566 ἀπὸ
1314 1530 1389 1578 τῆς
1419 1527 1456 1565 Β

133 1592 242 1647 πρὸς
272 1592 319 1633 τὸ
352 1592 434 1633 ἀπὸ
466 1598 540 1646 τῆς
571 1597 612 1634 Ε
640 1594 799 1643 ὃοθείς.
862 1594 969 1636 ἀλλὰ
999 1599 1058 1650 τῷ
1089 1592 1168 1648 μὲν
1199 1593 1281 1635 ἀπὸ
1314 1599 1387 1647 τῆς
1419 1596 1455 1634 Β

135 1664 231 1702 ἴσον
261 1661 309 1702 τὸ
343 1661 428 1703 ὑπὸ
459 1669 547 1703 τῶν
579 1666 633 1715 A,
661 1665 715 1716 F,
758 1669 816 1719 τῷ
855 1661 902 1704 δὲ
938 1663 1021 1705 ἀπὸ
1058 1669 1133 1717 τῆς
1163 1666 1204 1704 Ε
1239 1667 1335 1704 ἴσον
1366 1661 1454 1703 ἐστὶ

133 1731 181 1771 τὸ
212 1729 297 1771 ὑπὸ
329 1738 418 1772 τῶν
443 1735 501 1785 A,
529 1735 580 1772 Z·
614 1734 740 1785 λόγος
770 1734 854 1788 ἄρα
886 1731 974 1774 ἐστὶ
1005 1738 1083 1774 τοῦ
1114 1732 1198 1774 ὑπὸ
1229 1739 1317 1773 τῶν
1342 1735 1396 1784 A,
1420 1733 1461 1772 Γ

133 1799 241 1854 πρὸς
282 1800 330 1841 τὸ
370 1799 454 1841 ὑπὸ
493 1807 581 1841 τῶν
613 1804 668 1854 A,
702 1804 737 1841 Z
780 1802 940 1850 ὃοθείς.
1012 1799 1084 1842 καὶ
1127 1806 1227 1855 μιᾶς
1267 1803 1455 1855 πλευρᾶς

65 1875 108 1906 25
134 1874 209 1922 τῆς
240 1873 281 1910 A
317 1870 425 1924 πρὸς
459 1871 563 1923 μίαν
599 1870 790 1925 πλευρὰν
821 1871 900 1924 τὴν
931 1875 973 1911 A
1010 1872 1137 1923 λόγος
1168 1867 1256 1911 ἐστὶ
1288 1870 1453 1918 δοθείς·

133 1937 204 1979 καὶ
236 1941 387 1993 λοιπῆς
417 1940 501 1993 ἄρα
532 1945 606 1993 τῆς
637 1941 679 1980 Γ
704 1940 811 1995 πρὸς
841 1941 996 1993 λοιπὴν
1027 1941 1106 1994 τὴν
1139 1942 1173 1980 Ζ
1205 1941 1254 1981 λό
1285 1954 1331 1988 ος
1364 1937 1452 1980 ἐστὶ

133 2007 294 2056 δοθείς.

231 2159 260 2190 1.
286 2155 353 2199 τήν
373 2156 469 2201 (pr.)]
497 2166 564 2190 om.
585 2155 608 2189 b
635 2158 722 2200 (non
739 2157 784 2201 β).
869 2155 980 2201 ἄκρα]
1007 2167 1074 2191 om.
1090 2157 1185 2200 Vat„
1212 2155 1284 2199 ἄρα
1308 2157 1342 2191 b.
1420 2159 1450 2190 7.

131 2201 210 2247 τῆς]
237 2201 306 2236 del.
321 2213 367 2236 m.
385 2206 402 2235 1
418 2201 501 2236 Vat.
597 2205 649 2236 10.
675 2203 755 2248 τοῦ]
781 2202 843 2237 καὶ
862 2208 925 2236 τοῦ
946 2214 977 2237 V.
1082 2206 1135 2238 11.
1156 2203 1212 2249 τό]
1233 2212 1320 2238 corr.
1336 2214 1380 2237 ex
1402 2206 1450 2250 τῷ

131 2258 177 2281 m.
193 2251 213 2280 2
228 2259 260 2282 V.
335 2251 388 2282 14.
412 2249 462 2294 E]
483 2252 516 2282 A
535 2248 568 2282 b.
644 2251 696 2283 17.
719 2249 761 2294 B]
782 2259 891 2292 supra
911 2259 975 2283 scr.
991 2261 1037 2284 m.
1053 2253 1073 2283 2
1093 2261 1124 2284 v.
1197 2247 1307 2293 λόγοςι
1321 2248 1395 2284 ἐστί
1414 2250 1447 2284 b.

180 2297 232 2328 19.
268 2292 345 2328 ἐπεὶ
371 2293 438 2338 γάρ
471 2294 594 2329 νεών.
706 2293 772 2338 μὲν
797 2299 825 2329 Α
851 2295 941 2338 πρὸς
968 2295 1034 2339 τὴν
1060 2300 1109 2340 Δ,
1134 2301 1197 2340 τῆς
1221 2294 1284 2341 δέ]
1317 2306 1386 2331 om.
1413 2296 1446 2330 b.
