1520 2508
549 65 922 102 PROLEGOMENA.
1362 60 1410 95 LI

69 163 341 212 διαγράμμασιν
374 161 441 203 ἕως
471 166 536 197 τοῦ
563 161 598 197 o'
626 160 690 196 καὶ
715 159 760 195 θ’
787 159 856 195 δύο
888 157 956 205 μέν
988 154 1086 194 ἔστιν
1118 156 1179 192 ἐπὶ
1209 155 1410 202 τριγώνων,

69 219 109 255 δ’
129 218 171 254 δὲ
196 214 258 253 ἐπὶ
281 215 463 252 πλειόνων
488 214 649 250 εὐθειῶν
675 213 860 259 ἀνάλογον
887 213 1016 248 οὐσῶν.
1055 211 1102 247 τὰ
1125 210 1167 247 δὲ
1188 206 1271 255 ἑξῆς
1289 209 1326 255 γ’
1349 207 1411 244 ἐπὶ

69 271 137 308 δύο
167 271 327 307 εὐθειῶν
360 267 562 316 [ἀνάλογον
595 268 735 311 οὐσῶν,
765 267 812 302 τὰ
843 264 880 301 δ’
910 264 1025 312 ἔστιν]
1037 266 1063 311 1)
1094 262 1213 300 δοθέν
1241 276 1277 298 τι
1308 274 1412 308 περι-

69 329 228 372 εχουσῶν
259 324 404 369 χωρίον.
467 321 512 357 τὰ
545 320 586 357 δὲ
619 317 681 356 ἐπὶ
711 326 826 355 πᾶσιν
858 318 897 364 η’
927 317 994 359 ἕως
1024 324 1090 353 τοῦ
1123 317 1162 365 Q'
1191 314 1232 353 ἐν
1264 315 1412 357 κύκλοις

68 378 257 414 δείκνυται
281 381 357 417 τοῖς
383 375 450 422 μὲν
477 372 629 421 μεγέθει
654 373 771 419 μόνον
797 370 1024 418 δεδομένοις,
1050 375 1127 412 τοῖς
1146 370 1187 406 δὲ
1207 370 1272 406 καὶ
1293 367 1411 406 θέσει.

67 428 306 478 [*ἀγομένων
334 430 493 466 εὐθειῶν
519 428 617 463 ἐστιν
650 427 714 463 διὰ
746 425 951 473 δεδομένου
978 423 1130 471 σημείου
1157 424 1204 460 τὰ
1229 421 1413 470 γενόμενα

66 482 278 530 δεδομένα]
290 483 317 528 ²)

159 535 307 582 Pappus
333 535 449 582 igitur
472 534 680 581 nonaginta
697 532 971 579 propositiones
990 531 1125 567 habuit
1145 543 1189 567 ac
1208 531 1413 567 uidendum

68 590 142 634 est,
174 600 266 634 quas
293 599 338 624 ex
362 588 569 635 nonaginta
594 588 773 633 quattuor
782 587 826 631 ⁸),
858 597 955 631 quae
986 585 1026 620 in
1055 585 1194 620 nostris
1220 583 1412 620 codicibus

66 641 322 685 inueniuntur,
358 654 432 677 non
456 641 679 687 habuerit⁴).
732 643 844 685 atque
875 640 915 675 in
939 640 1069 686 primis
1099 638 1296 685 sexaginta
1322 637 1413 672 dua-

66 695 136 731 bus
146 697 174 741 ⁶)
200 695 518 742 propositionibus
536 694 658 741 Pappi
683 694 926 729 summarium
951 705 1036 729 cum
1060 693 1253 729 codicibus
1275 690 1413 727 nostris

67 749 279 785 concordat.
319 760 364 784 ex
388 748 706 795 propositionibus
732 751 871 782 63-66
897 759 1011 783 unam
1035 759 1110 782 non
1134 745 1269 782 habuit
1292 754 1414 789 neque

64 801 145 837 alia
169 813 249 837 esse
274 804 400 849 potest
424 802 498 838 nisi
522 813 625 848 prop.
647 805 703 846 63,
729 812 826 846 quae
852 811 871 836 e
895 812 999 847 prop.
1021 805 1066 836 49
1091 799 1273 836 facillime
1299 796 1413 834 effici-

66 856 138 891 tur.
189 857 393 901 sequuntur
423 856 598 901 deinceps
630 855 732 901 apud
762 854 932 900 Pappum
967 855 1110 900 septem
1139 850 1414 899 propositiones

68 909 115 944 de
139 910 513 957 parallelogrammis,
538 909 579 944 111
602 908 739 943 nostris
766 910 893 943 autem
913 907 1104 943 codicibus
1131 908 1218 942 sunt
1237 905 1413 951 quinque,

69 972 201 1008 propp.
221 966 277 1006 68,
304 966 360 1008 69,
389 966 444 1007 70,
472 966 528 1008 73,
557 965 611 997 74.
662 960 884 996 crediderim
913 961 954 996 111
985 959 1189 1006 exemplari
1220 959 1300 995 eius
1330 968 1414 1004 pro—

67 1015 272 1060 positiones
300 1019 342 1050 70
369 1017 407 1051 et
433 1019 475 1051 73
502 1016 542 1050 in
565 1014 675 1050 binas
702 1014 842 1050 diuisas
869 1015 986 1051 fuisse
1012 1017 1050 1050 et
1073 1012 1347 1061 propositiones
1368 1012 1414 1047 de

69 1068 266 1115 triangulis
280 1071 352 1114 (71,
363 1072 416 1113 72,
427 1070 484 1115 75)
498 1071 692 1113 tamquam
706 1065 898 1114 ἐπιλόγους
913 1068 1075 1104 numeris
1090 1067 1270 1111 caruisse;
1289 1065 1414 1109 miror,

69 1122 170 1166 quod
193 1133 296 1167 prop.
319 1125 363 1156 74
388 1121 511 1157 diuisa
535 1133 611 1156 non
635 1122 725 1157 erat.
770 1132 854 1156 cum
880 1122 976 1157 duae
1002 1133 1098 1167 quae
1125 1121 1226 1167 apud
1245 1120 1416 1165 Pappum

71 1177 275 1219 sequuntur
298 1174 570 1221 propositiones
597 1172 659 1210 ἐπὶ
677 1175 863 1220 τριγώνων
889 1175 1061 1222 intellegi
1084 1186 1159 1210 non
1178 1173 1324 1221 possint
1340 1171 1415 1207 nisi

69 1239 199 1274 propp.
229 1232 271 1263 76
298 1230 336 1264 et
361 1232 424 1274 80,
457 1228 632 1274 efficitur,
663 1228 703 1263 in
735 1228 937 1274 exemplari
964 1229 1042 1264 eius
1078 1239 1207 1274 propp.
1236 1230 1278 1262 77
1305 1226 1344 1261 et
1371 1227 1414 1259 78

70 1280 232 1316 defuisse
256 1292 325 1317 nec
343 1281 590 1327 propositioni
613 1285 666 1327 79,
692 1282 792 1326 quod
817 1293 948 1328 reapse
971 1282 1107 1318 lemma
1127 1283 1194 1326 est,
1219 1290 1416 1315 numerum

69 1334 299 1380 adscriptum
322 1334 446 1371 fuisse.
498 1335 675 1380 quattuor
700 1337 826 1370 autem
849 1335 1167 1381 propositionibus
1199 1331 1261 1369 ἐπὶ
1288 1331 1415 1368 πλειό-

69 1400 144 1422 νων
183 1388 343 1423 εὐθειῶν
381 1387 567 1433 ἀνάλογον
605 1389 724 1424 οὐσῶν
767 1388 807 1423 111
844 1389 1035 1425 codicibus
1076 1388 1303 1434 respondent
1337 1388 1413 1422 tres

69 1451 198 1487 propp.
219 1444 275 1486 81,
297 1445 353 1486 82,
374 1445 430 1486 83,
463 1442 501 1477 et
525 1441 690 1488 Heiberg
715 1441 887 1487 (Studien
911 1455 947 1488 p.
968 1442 1051 1488 223)
1077 1443 1176 1478 recte
1202 1439 1414 1487 suspicatus

69 1496 144 1539 est,
180 1494 221 1530 in
244 1494 363 1540 Pappi
394 1494 490 1530 libro
520 1495 814 1542 propositionem
839 1498 882 1530 81
915 1495 955 1530 111
981 1495 1074 1530 duas
1100 1494 1262 1530 diuisam
1285 1493 1413 1529 fuisse.

70 1546 215 1592 reliqua
234 1559 317 1583 cum
336 1547 608 1594 antiquissimis
629 1549 819 1585 codicibus
840 1551 878 1585 et
894 1549 966 1584 hac
981 1549 1145 1585 editione
1159 1547 1413 1584 consentiunt:

68 1602 145 1636 tres
163 1601 283 1647 Pappi
301 1601 574 1647 propositiones
600 1602 661 1638 ἐπὶ
686 1603 754 1639 δύο
775 1604 936 1639 εὐθειῶν
962 1604 1049 1638 sunt
1065 1614 1196 1649 propp.
1213 1606 1270 1646 84,
1291 1605 1347 1646 85,
1368 1604 1413 1635 86

70 1655 108 1689 et
139 1656 222 1690 octo
255 1655 301 1690 de
333 1655 480 1691 circulis
504 1667 633 1702 propp.
655 1659 804 1692 87-94,
861 1655 995 1701 quodsi
1019 1655 1139 1701 Pappi
1171 1654 1415 1690 summarium

67 1719 220 1744 numero
244 1708 541 1754 propositionum
566 1721 589 1744 a
615 1709 805 1745 codicibus
831 1708 969 1744 nostris
995 1708 1172 1773 dissentit
1181 1709 1218 1754 ὓ),
1249 1707 1414 1743 omnium

165 1822 199 1866 1)
226 1819 418 1867 Ἀνοὶλογον
445 1843 489 1848 -
516 1820 614 1857 ἔστιν
640 1822 711 1859 del.
738 1822 907 1858 Hultsch.

163 1869 199 1914 2)
225 1866 426 1914 Ἀγομένων
452 1890 495 1896 —-
522 1869 708 1916 δεδομένα
734 1869 805 1906 del.
833 1869 1001 1905 Hultsch.

164 1918 200 1960 3)
225 1915 327 1958 Quae
352 1916 465 1962 uulgo
492 1918 550 1952 est
573 1928 676 1963 prop.
698 1921 753 1958 87,
779 1917 841 1953 hic
865 1929 940 1953 non
964 1928 1128 1953 numero.

163 1964 199 2008 4)
229 1963 272 1998 U.
297 1963 491 1999 Fabricius
521 1964 618 2000 Bibl.
650 1964 709 2001 Gr.
736 1965 787 1999 IV
811 1977 846 2011 p.
869 1968 912 2000 78
927 1977 999 2010 sq.;
1037 1964 1286 2000 Heilbronner
1315 1963 1413 1999 Hist.

67 2009 184 2046 Math.
210 2022 245 2056 p.
267 2014 351 2055 1623
376 2011 541 2059 Heiberg
567 2012 723 2048 Studien
747 2012 840 2047 iiber
863 2012 999 2047 Euclid
1023 2025 1058 2058 p.
1079 2016 1146 2047 222
1163 2023 1215 2056 sq.

163 2059 199 2103 5)
229 2057 352 2093 Uerba
381 2065 454 2094 τῶν
485 2059 527 2095 δὲ
554 2057 740 2106 ἐχομένων
767 2059 799 2095 ε’
827 2060 868 2095 τὸ
901 2060 968 2106 μὲν
1001 2065 1147 2106 πρῶτον
1172 2056 1413 2105 γραφόμενόν

69 2100 168 2140 ἔστιν
194 2104 348 2152 dubium
370 2117 447 2142 non
471 2108 529 2142 est
553 2107 644 2152 quin
670 2107 719 2142 ad
743 2118 847 2153 prop.
868 2111 912 2143 62
938 2107 1133 2143 referenda
1159 2106 1250 2151 sint,
1282 2117 1412 2151 quam-

68 2163 182 2196 quam
213 2153 391 2234 Ξοιιοθᾱο,
429 2153 668 2201 γραφόμενον
699 2154 795 2189 illud
825 2166 884 2190 me
914 2166 1047 2201 parum
1074 2154 1295 2201 intellegere
1326 2155 1412 2199 (τῶν

67 2212 218 2292 γραφὲςι
230 2202 509 2293 Izoegssiaerieis
534 2260 692 2304 quoque¹
707 2249 909 2285 Theodosii
937 2250 1086 2296 Pappus
1118 2250 1158 2285 in
1188 2248 1411 2296 propositio-

37 2316 42 2321 ·
66 2304 156 2329 num
174 2305 325 2330 numero
346 2307 429 2331 cum
446 2298 582 2332 nostris
602 2297 832 2333 editionibus
852 2297 974 2333 minus
995 2298 1184 2344 congruit3
1204 2309 1239 2334 11.
1260 2297 1412 2341 Pappus

1150 2358 1198 2392 d*
