1520 2508
60 0 142 22 ’,ἕπτ’

668 84 807 118 DATA.
1367 81 1424 124 99

75 182 116 223 61
146 178 296 222 similis
328 181 394 220 est
424 182 468 220 A
497 178 662 234 figurae
694 181 744 220 Β.
800 193 904 235 ergo
921 179 1069 221 *etiam
1094 178 1259 233 reliqua
1282 178 1420 221 latera

8 285 11 310 ὲ
73 250 124 293 ad
141 249 303 304 reliqua
321 249 457 291 latera
477 248 691 290 rationem
709 249 934 291 habebunt
954 250 1099 292 datam
1124 249 1265 305 [prop.
1280 248 1419 304 LIII}

8 312 10 325 ¹
155 321 241 363 iam
270 335 323 362 ne
355 319 412 362 sit
444 319 597 361 similis
630 323 673 361 A
702 320 868 376 figurae
901 323 958 376 B,
995 323 1039 362 et
1069 319 1340 362 describatur
1369 320 1417 361 in

71 394 184 434 recta
213 394 296 433 EZ
333 391 497 447 figurae
528 394 571 432 A
602 389 759 432 similis
794 394 838 433 et
869 391 1070 433 similiter
1099 391 1245 446 posita
1275 391 1419 447 figura
1445 429 1448 432 ,

70 465 154 505 ΕΘ
177 461 269 517 [Ὴ,
289 461 374 516 18].
417 462 563 518 itaque
589 461 721 503 etiam
740 465 782 503 E
793 465 831 504 Θ
855 462 956 504 data
975 465 1042 504 est
1061 461 1204 517 speeie
1233 461 1333 517 [def.
1354 460 1413 516 3].

71 547 217 575 uerum
254 532 384 574 etiam
415 535 453 573 Β
491 532 590 574 data
628 535 704 574 est.
776 547 907 587 quare
945 532 1058 574 ratio
1095 535 1133 574 Β
1154 547 1163 573 :
1183 535 1270 574 ΕΘ
1313 532 1415 574 data

71 603 205 659 [prop.
229 602 400 657 XLIX]
451 603 525 645 sed
549 602 662 644 ratio
689 606 727 644 B
748 618 756 643 :
778 607 820 645 A
851 604 951 644 data
983 606 1058 644 est.
1107 603 1255 657 itaque
1283 602 1414 643 etiam

1 721 3 731 A
69 673 178 716 ratio
221 677 264 715 A
289 688 298 714 :
324 676 410 715 ΕΘ
453 674 552 715 data
591 676 658 715 est
702 673 843 728 [prop.
875 672 1017 727 VIII}
1091 676 1135 714 et
1178 676 1221 714 A
1247 693 1292 706 m
1317 675 1416 714 ΕΘ.

71 757 170 799 ergo
195 743 305 785 ratio
327 746 406 785 ΓΔ
425 759 434 785 :
454 747 538 786 EZ
563 744 664 786 data
683 746 749 786 est
776 744 872 799 [per
892 743 1081 799 priorem
1099 746 1269 798 partem
1287 742 1417 784 huius

67 814 217 871 prop.].
273 815 419 856 eadem
450 815 501 856 de
533 830 661 857 causa
692 815 825 856 etiam
857 814 1122 870 reliquorum
1147 814 1332 856 laterum
1367 814 1421 855 ad

0 906 1 918 ¹
67 884 231 940 reliqua
260 885 396 927 latera
426 885 537 927 ratio
570 885 670 927 data
704 888 781 927 est.

698 1013 787 1056 LV.

156 1094 201 1137 Si
226 1095 415 1151 spatium
441 1097 581 1151 speeie
608 1100 651 1138 et
676 1095 977 1152 magnitudine
1004 1096 1152 1138 datum
1178 1099 1255 1150 est,
1285 1095 1418 1137 etiam

66 1165 201 1207 latera
231 1166 321 1208 eius
354 1167 650 1222 magnitudine
682 1167 783 1208 data
816 1169 953 1208 erunt.

153 1236 209 1278 sit
240 1237 430 1291 spatium
461 1237 600 1292 specie
633 1240 676 1278 et
701 1236 1006 1292 magnitudine
1033 1237 1181 1278 datum
1200 1240 1254 1278 A.
1309 1235 1416 1290 dieo,

67 1305 195 1348 etiam
224 1306 360 1349 latera
391 1307 483 1349 eius
516 1308 616 1349 data
647 1322 740 1349 esse
777 1306 1090 1363 magnitudine.

797 1381 984 1433 ponatur
1015 1378 1130 1419 enim
1160 1379 1279 1419 recta
1304 1376 1418 1431 posi-

71 1433 121 1468 Η
735 1449 853 1490 116116
898 1451 941 1490 61
980 1447 1279 1504 magnitudine
1317 1447 1418 1489 data

736 1521 829 1574 BF,
862 1522 905 1561 et
931 1518 1200 1561 describatur
1224 1518 1271 1559 in
1298 1520 1418 1560 reeta

475 1533 645 1671 ἱ]
735 1592 774 1631 Β
789 1591 832 1631 Γ
881 1589 1022 1645 spatio
1077 1593 1121 1631 A
1175 1588 1316 1631 simile
1372 1591 1416 1630 et

84 1677 126 1711 E
354 1683 388 1714 Z
454 1681 494 1715 B
626 1683 666 1715 Γ

735 1659 936 1702 similiter
982 1659 1176 1715 positum
1226 1659 1416 1714 spatium

733 1734 777 1772 A
815 1730 909 1786 [VI‚
940 1730 1027 1785 18].
1087 1730 1234 1784 itaque
1266 1733 1310 1771 A
1347 1730 1417 1771 da-

65 1798 158 1837 tum
189 1799 255 1839 est
286 1798 424 1852 speeie
463 1799 563 1854 [def.
590 1799 649 1854 3].
711 1803 755 1842 et
787 1801 992 1855 quoniam
1022 1801 1069 1842 in
1099 1803 1218 1842 recta
1249 1799 1414 1856 magni-

65 1865 212 1908 tudine
249 1867 349 1909 data
386 1871 476 1911 ΒΓ
507 1870 647 1926 figura
684 1871 825 1926 specie
864 1871 963 1913 data
1001 1870 1216 1925 descripta
1254 1873 1321 1911 est
1358 1874 1414 1925 A,

66 1939 110 1976 A
140 1936 269 1978 etiam
299 1932 595 1995 magnitudine
622 1941 723 1983 data
747 1941 830 1983 erit
857 1941 996 1996 [prop.
1022 1940 1134 1999 LII]
1185 1941 1259 1982 sed
1282 1940 1414 1982 etiam

159 2062 202 2097 In
225 2064 285 2108 fig.
312 2065 391 2100 cod.
416 2065 442 2100 b
466 2070 507 2111 A,
527 2071 560 2101 A
584 2067 946 2113 parallelogramma
972 2069 1068 2103 sunt.

112 2206 167 2238 22.
200 2204 260 2250 τε]
298 2215 367 2240 om.
398 2205 435 2241 b.
553 2207 595 2242 τό
622 2208 725 2254 (pr.)]
759 2218 850 2243 corr,
884 2218 928 2242 ex
958 2211 1008 2254 τῷ
1040 2221 1087 2244 m.
1120 2213 1140 2244 2
1171 2221 1205 2244 v.
1338 2208 1409 2255 δή]

63 2247 107 2284 δέ
133 2249 166 2284 b.
252 2251 300 2297 A]
326 2255 355 2286 A
380 2251 416 2287 b.
511 2257 566 2289 23.
591 2254 682 2289 Post
708 2254 800 2290 εἴδει
826 2254 912 2289 add.
940 2253 1091 2291 δέδοται
1115 2255 1189 2301 ἄρα
1215 2256 1280 2292 καὶ
1308 2256 1349 2291 τὸ
1377 2260 1411 2291 A

63 2299 113 2342 τῷ
138 2296 229 2332 εἴδει
259 2298 294 2333 b.
391 2302 440 2346 τῷ
464 2299 630 2347 μεγέθει]
663 2312 733 2336 om.
760 2302 796 2337 b.
896 2305 951 2337 25.
978 2301 1035 2349 δέ]
1063 2314 1132 2340 om.
1161 2303 1196 2339 b.

1145 2362 1190 2396 7*
