1520 2508
67 541 87 572 5

42 889 86 921 10

42 1236 85 1266 15

39 1582 83 1614 20

116 103 171 145 70
641 108 906 142 ΔΕΔΟΜΕΝΑ.

746 252 775 290 μ
796 269 804 277 .

198 325 298 367 Ἐὰν
328 327 544 381 τριγώνου
577 326 730 381 ἑκάστη
761 336 848 370 τῶν
878 337 1049 382 γωνιῶν
1080 330 1286 385 δεδομένη
1317 327 1344 387 ᾗ
1374 338 1431 388 τῷ

111 393 299 449 μεγέθει,
331 394 504 437 δέδοται
535 398 583 438 τὸ
615 399 830 453 τρίγωνον
860 404 918 455 τςό
951 399 1067 440 εἴδει.

199 465 416 520 τριγώνου
447 466 529 520 γὰρ
561 471 639 507 τοῦ
665 469 802 508 ΑΒΓ
825 466 978 521 ἑκάστη
1006 475 1094 509 τῶν
1118 476 1290 521 γωνιῶν
1314 470 1432 512 δεδο-

112 532 218 588 μένη
255 536 361 575 ἔστω
398 541 456 591 τῷ
494 534 685 589 μεγέθει·
735 535 864 590 λέγω,
908 537 973 578 ὅτι
1012 536 1183 578 δέδοται
1221 539 1268 579 τὸ
1306 541 1439 581 ΑΒΓ

111 605 326 658 τρίγωνον
356 611 415 660 τῷ
446 605 562 646 εἴδει.

199 672 409 715 ἐκκείσθω
448 675 530 729 γὰρ
568 682 618 729 τῇ
655 674 775 717 θέσει
811 674 883 717 καὶ
919 681 978 732 τῷ
1017 676 1190 730 μεγέθει
1227 676 1431 731 δεδομένη

111 743 262 784 εὐθεῖα
299 743 325 796 ἡ
355 746 460 796 ΔΕ,
502 742 575 784 καὶ
611 745 855 786 συνεστάτω
892 747 1000 800 πρὸς
1037 753 1087 800 τῇ
1118 749 1208 787 ΔΕ
1241 745 1312 788 καὶ
1347 755 1434 796 τοῖς

110 813 218 867 πρὸς
249 812 356 867 αὐτῇ
389 815 580 867 σημείοις
604 821 694 863 τοῖς
718 818 774 867 Δ,
794 817 834 855 Ε
862 821 913 869 τῇ
939 812 1017 868 μὲν
1041 814 1126 856 ὑπὸ
1148 817 1270 857 ΓΒΑ
1300 819 1434 872 γωνίᾳ

112 884 182 934 ἴση
213 885 350 934 γωνία
382 882 689 936 εὐθύγραμμος
719 882 744 936 ἡ
775 883 859 925 ὑπὸ
891 887 1042 937 ΕΔΖ,
1072 891 1123 939 τῇ
1155 882 1203 925 δὲ
1232 884 1317 926 ὑπὸ
1347 892 1432 926 τῶν

110 952 241 992 ΑΓΒ
280 955 350 1004 ἴση
388 951 414 1005 ἡ
449 951 534 993 ὑπὸ
571 959 659 993 τῶν
688 955 838 994 ΔΕΖ·
887 954 1014 1006 λοιπὴ
1052 954 1135 1008 ἄρα
1172 954 1197 1007 ἡ
1233 953 1317 995 ὑπὸ
1348 961 1432 995 τῶν

111 1022 243 1061 ΒΑΓ
266 1023 394 1076 λοιπῇ
426 1024 497 1074 ἴση
528 1028 578 1076 τῇ
609 1021 693 1062 ὑπὸ
725 1028 813 1063 τῶν
836 1025 971 1073 ΔΖΕ
1000 1021 1128 1064 ἐστιν.
1181 1023 1361 1064 δοθεῖσα
1385 1021 1432 1064 δὲ

111 1087 265 1143 ἑκάστη
290 1097 378 1131 τῶν
401 1090 510 1145 πρὸς
534 1097 625 1139 τοῖς
650 1094 704 1144 A,
724 1093 774 1144 B,
795 1093 852 1132 Γ·
879 1091 1060 1133 δοθεῖσα
1085 1093 1167 1147 ἄρα
1191 1090 1263 1133 καὶ
1282 1090 1431 1146 ἑκάστη

110 1167 196 1201 τῶν
232 1160 340 1214 πρὸς
375 1167 466 1209 τοῖς
501 1163 562 1213 A,
587 1163 644 1213 E,
671 1163 718 1201 Z.
785 1159 875 1201 ἐπεὶ
913 1158 994 1203 οὖν
1023 1162 1131 1216 πρὸς
1160 1160 1282 1203 θέσει
1313 1162 1432 1203 δεδο-

110 1227 217 1283 μένῃ
254 1228 406 1285 εὐθείᾳ
441 1235 492 1284 τῇ
522 1232 613 1270 ΔΕ
646 1228 717 1270 καὶ
754 1235 812 1286 τῷ
844 1231 953 1284 πρὸς
983 1230 1091 1286 αὐτῇ
1122 1232 1281 1286 σημείῳ
1313 1230 1430 1272 δεδο-

109 1297 224 1354 μένῳ
261 1304 320 1354 τῷ
357 1302 401 1339 Δ
442 1298 593 1340 εὐθεῖα
629 1300 801 1353 γραμμὴ
841 1296 964 1352 ἦκται
1007 1299 1032 1353 ἡ
1070 1303 1155 1341 ΔΖ
1199 1298 1432 1354 δεδομένην

108 1373 295 1408 ποιοῦσα
320 1369 486 1420 γωνίαν
511 1368 590 1421 τὴν
613 1368 722 1422 πρὸς
746 1374 804 1424 τῷ
824 1372 880 1421 A,
905 1367 1025 1410 θέσει
1051 1370 1134 1423 ἄρα
1155 1367 1271 1410 ἐστὶν
1290 1368 1315 1422 ἡ
1334 1372 1376 1410 Δ
1384 1371 1429 1410 Ζ.

110 1437 183 1478 διὰ
219 1436 271 1477 τὰ
309 1436 418 1478 αὐτὰ
455 1437 508 1490 δὴ
545 1435 616 1478 καὶ
653 1437 678 1490 ἡ
710 1440 792 1478 ΕΖ
834 1436 955 1479 θέσει
993 1437 1126 1479 ἐστίν·
1177 1435 1312 1479 δοθὲν
1350 1439 1431 1493 ἄρα

111 1504 201 1547 ἐστὶ
237 1507 284 1547 τὸ
321 1509 355 1547 Ζ
393 1513 582 1560 σημεῖον.
643 1508 732 1548 ἔστι
769 1504 817 1548 δὲ
853 1506 925 1548 καὶ
962 1506 1164 1563 ἑκάτερον
1199 1514 1286 1549 τῶν
1315 1510 1370 1560 Δ,
1394 1509 1434 1548 Ε

108 1574 261 1616 δοθέν·
299 1575 481 1616 δοθεῖσα
512 1576 596 1629 ἄρα
627 1574 744 1617 ἐστὶν
781 1574 935 1629 ἑκάστη
972 1583 1059 1617 τῶν
1089 1580 1132 1617 Λ
1142 1579 1189 1629 Ζ,
1220 1580 1262 1618 Δ
1270 1579 1320 1629 Ε,
1350 1578 1430 1617 ΕΖ

108 1651 159 1699 τῇ
189 1643 311 1685 θέσει
347 1643 418 1685 καὶ
455 1650 514 1701 τῷ
546 1643 737 1698 μεγέθει·
781 1644 954 1686 δέδοται
984 1646 1067 1699 ἄρα
1098 1646 1145 1686 τὸ
1177 1649 1219 1686 Δ
1229 1648 1311 1686 ΖΕ
1344 1646 1431 1699 τρί-

108 1729 252 1766 γωνον
283 1719 341 1770 τῷ
374 1714 489 1755 εἴδει.
539 1716 615 1754 καί
642 1713 759 1755 ἐστιν
790 1714 940 1767 ὅμοιον
971 1720 1029 1770 τῷ
1059 1716 1195 1755 ΑΒΓ
1218 1714 1430 1770 τριγώνῳ·

108 1781 279 1824 δέδοται
312 1784 396 1838 ἄρα
425 1781 496 1824 καὶ
528 1783 575 1824 τὸ
608 1785 744 1824 ΑΒΓ
767 1785 982 1837 τρίγωνον
1012 1790 1071 1839 τῷ
1103 1784 1219 1824 εἴδει.

203 1981 232 2012 1.
266 1977 322 2023 μ’]
356 1977 420 2021 μα’
454 1976 487 2011 b.
608 1980 639 2011 5.
672 1975 760 2021 λέγω
787 1997 828 2002 -
856 1980 885 2010 6.
919 1975 1023 2022 εἴδει]
1056 1987 1124 2011 om.
1158 1988 1189 2010 v.
1311 1979 1341 2010 8.
1372 1976 1429 2021 τῇ]

107 2023 173 2067 τήν
198 2023 233 2058 b.
325 2069 334 2083 Ι
354 2027 385 2058 9.
417 2023 533 2103 αὐτῇέ)
551 2023 676 2063 αὐτοῖς
700 2035 733 2067 v,
760 2033 848 2057 corr.
875 2034 920 2056 m.
949 2027 979 2057 1.
1100 2026 1153 2056 11.
1185 2023 1304 2082 ΑΓΒ]
1337 2024 1430 2056 ΒΓΑ

108 2070 233 2104 Vat.v.
314 2069 388 2115 ἰση]
415 2080 483 2104 om.
538 2097 544 2103 .
643 2073 695 2104 12.
724 2072 780 2104 BA
791 2070 839 2114 Γ]
868 2071 962 2103 ΒΓΑ
987 2068 1056 2103 Pb.
1139 2070 1246 2115 λοιπῃ
1263 2068 1414 2103 -ἐστιν

107 2118 216 2162 λοιπῇ
241 2122 283 2162 τῇ
308 2116 380 2150 ὑπὸ
405 2121 477 2150 τῶν
504 2118 599 2150 ΒΓΑ
631 2114 688 2160 ἴση
714 2115 736 2160 ἡ
761 2115 833 2150 ὑπὸ
858 2121 929 2150 τῶν
955 2119 987 2150 Δ
997 2117 1065 2149 ΕΖ
1090 2114 1186 2150 ἐστιν
1213 2115 1248 2149 b.
1343 2119 1414 2149 τῶν

108 2174 176 2198 om.
204 2163 286 2197 Vat.
385 2166 438 2196 13.
466 2162 554 2196 Post
582 2165 615 2196 Γ
635 2161 718 2196 add.
746 2165 778 2196 Δ
802 2161 835 2195 b.
927 2159 1004 2207 καί]
1032 2172 1100 2196 om.
1126 2161 1160 2195 b.
1248 2164 1300 2195 15.
1327 2161 1429 2196 δεδο-
1518 2181 1520 2205 ¹,

108 2207 204 2256 μένῳ
231 2207 364 2255 σημείῳ
389 2208 423 2242 b.
534 2212 586 2242 16.
613 2209 676 2255 τῷ]
701 2207 768 2252 τήν
793 2207 827 2241 b.
926 2211 978 2242 17.
1005 2207 1086 2253 τήν]
1112 2205 1176 2252 vm}
1200 2207 1233 2242 b.
1329 2204 1430 2242 θέσει
1476 2227 1480 2246 ς
1518 2227 1520 2256 g

109 2311 146 2316 —
166 2290 251 2335 AZ]
272 2279 428 2324 δοθεῖσα
454 2303 526 2332 apoc
547 2300 643 2323 εστιν
668 2271 692 2333 ἦ
717 2290 786 2323 ΔΖ
813 2290 829 2334 *ζ
856 2287 896 2330 b;
926 2289 1078 2332 puncta,
1105 2299 1143 2332 π,
1162 2301 1181 2323 ο
1208 2289 1244 2322 et
1262 2299 1333 2332 mg.
1362 2287 1383 2329 ,ζ
1406 2285 1429 2330 ἥ
