1520 2508
135 63 189 105 86
663 68 928 103 AEAOMENA.

758 172 838 227 uC'·
1357 216 1365 221 »-
1516 225 1520 232 2

227 252 287 292 Τὰ
330 250 540 306 δεδομένα
583 253 871 309 εὐθύγραμμα
906 262 964 312 τῷ
1005 256 1109 297 εῖδει
1152 257 1214 305 είς
1249 255 1457 310 δεδομένα

132 322 324 375 τρίγωνα
355 321 585 377 διαιρεῖται
616 329 675 379 τῷ
707 325 823 365 εῖδει.

221 390 327 430 ἔστω
354 389 589 445 δεδομένον
613 392 926 449 εὐθύγραμμον
944 400 1002 450 τῷ
1022 395 1127 435 εἴδει
1152 395 1200 436 τὸ
1220 396 1456 436 ΑΒΓΔΕ·
1517 400 1520 447 j

89 467 109 498 5
135 456 260 512 λέγω,
292 459 356 500 ὅτι
387 461 435 501 τὸ
461 464 684 503 ΑΒΓΔΕ
712 462 1025 518 εὐθύγραμμον
1049 465 1111 512 εἰς
1136 462 1344 518 δεδομένα
1370 466 1458 519 τρί-
1518 514 1520 517 v

131 543 250 581 γωνα
282 529 512 584 διαιρεῖται
542 537 601 588 τῷ
633 532 750 573 εῖδει.
1498 581 1503 588 ‚

218 596 544 652 ἐπεζεύχθωσαν
580 601 662 657 γὰρ
700 602 749 643 αἱ
783 604 884 655 ΒΕ,
909 604 1001 643 ΕΓ.
1074 600 1163 643 ἐπεὶ
1201 599 1372 643 δέδοται
1408 601 1456 643 τὸ

130 669 354 709 ΑΒΓΔΕ
382 668 696 725 εὐθύγραμμον
726 677 784 727 τῷ
818 672 935 725 εῖδει,
967 672 1150 713 δοθεῖσα
1180 671 1264 726 ἄρα
1290 668 1407 712 ἐστὶν
1431 669 1456 724 ἡ
1513 711 1515 714 .

129 736 215 779 ὑπὸ
253 744 341 778 τῶν
372 740 501 779 ΒΑΕ
536 742 684 792 γωνία.
750 741 825 781 καί
853 739 942 781 ε’στι
973 742 1100 793 λόγος
1129 746 1204 793 τῆς
1235 742 1316 781 ΒΑ
1351 740 1459 795 πρὸς
1517 737 1519 740 ⁴

63 814 107 846 10
132 807 212 861 τὴν
243 810 332 848 ΕΑ
370 807 530 856 δοθείς.
598 807 687 850 ἐπεὶ
719 806 800 851 οὖν
831 809 1013 851 δοθεῖσα
1044 808 1161 851 ἐστιν
1198 808 1223 862 ἡ
1254 808 1339 851 ὑπὸ
1370 816 1459 851 τῶν
1502 799 1503 802 ¹

131 879 267 918 BAE
300 878 438 929 γωνία
479 879 555 918 καί
583 877 671 919 ἐστι
710 880 837 931 λόγος
873 885 947 933 τῆς
984 881 1070 938 ΒΑ
1111 879 1219 934 πρὸς
1255 880 1334 932 τὴν
1370 882 1458 920 ΕΑ

130 947 298 1000 δοθείς,
330 945 504 987 δέδοται
535 948 619 1002 ἄρα
649 948 696 989 τὸ
731 948 859 989 ΒΑΕ
887 950 1102 1004 τρίγωνον
1133 954 1191 1004 τῷ
1224 949 1347 989 εῖδει·
1385 948 1457 988 δο-
1518 959 1520 961 ·

131 1019 263 1056 θεῖσα
293 1016 377 1070 ἄρα
409 1015 526 1058 ἐστὶν
557 1017 583 1071 ἡ
614 1016 698 1058 ὑπὸ
730 1025 817 1059 τῶν
841 1021 976 1059 ΑΒΕ
1004 1020 1152 1071 γωνία.
1201 1019 1290 1059 ἔστι
1315 1014 1363 1058 δὲ
1387 1016 1458 1058 καὶ

131 1084 208 1138 ὅλη
240 1084 265 1138 ἡ
297 1085 382 1127 ὑπὸ
413 1093 501 1128 τῶν
533 1088 670 1128 ΑΒΓ
703 1089 840 1140 γωνία
871 1087 1070 1129 δοθεῖσα·
1113 1085 1184 1128 καὶ
1216 1087 1342 1140 λοιπὴ
1374 1087 1458 1140 ἄρα

62 1162 104 1209 1ιὸ
130 1153 156 1207 ἡ
194 1154 278 1196 ὑπὸ
316 1163 403 1197 τῶν
433 1158 568 1197 ΕΒΓ
598 1156 780 1198 δοθεῖσα
817 1155 945 1198 ἐστιν.
1005 1159 1080 1198 καί
1107 1155 1196 1197 ἐστι
1227 1157 1354 1209 λόγος
1384 1162 1458 1209 τῆς

130 1226 217 1265 ΑΒ
248 1226 356 1281 πρὸς
386 1226 466 1280 τὴν
497 1229 583 1267 ΒΕ
617 1226 785 1280 δοθείς,
822 1233 897 1280 τῆς
928 1224 976 1268 δὲ
1006 1229 1092 1268 ΑΒ
1128 1226 1237 1281 πρὸς
1267 1226 1347 1279 τὴν
1377 1227 1465 1266 ΒΓ

130 1295 259 1347 λόγος
303 1294 392 1336 ἐστὶ
435 1296 601 1344 δοθείς·
651 1294 721 1337 καὶ
758 1302 832 1350 τῆς
868 1299 950 1337 ΕΒ
993 1297 1077 1351 ἄρα
1118 1296 1226 1351 πρὸς
1261 1295 1340 1348 τὴν
1377 1296 1465 1336 ΒΓ

130 1364 259 1416 Myos
290 1362 378 1405 ἐστὶ
410 1365 570 1414 δοθείς.
619 1367 696 1406 καί
723 1364 812 1406 ἐστι
844 1365 1027 1406 δοθεῖσα
1057 1365 1083 1418 ἡ
1108 1363 1193 1405 ὑπὸ
1219 1371 1306 1405 τῶν
1333 1366 1460 1405 ΓΒΕ
1497 1387 1501 1402 2

130 1434 285 1486 γωνία·
318 1432 490 1475 δέδοται
521 1435 606 1490 ἄρα
636 1435 683 1476 τὸ
716 1436 844 1476 ΒΓΕ
872 1436 1086 1490 τρίγωνον
1116 1439 1175 1490 τῷ
1207 1434 1323 1475 εἴδει.
1384 1433 1457 1474 διὰ

61 1510 106 1541 20
131 1502 183 1543 τὰ
214 1502 323 1544 αὐτὰ
355 1503 408 1557 δὴ
446 1502 517 1545 καὶ
548 1504 596 1545 τὸ
630 1506 757 1545 ΓΔΕ
790 1505 1005 1559 τρίγωνον
1041 1509 1099 1560 τῷ
1131 1503 1236 1544 εἴδει
1267 1501 1455 1544 δέδοται·

129 1571 182 1612 τὰ
218 1573 302 1627 ἄρα
339 1571 550 1627 δεδομένα
587 1573 875 1627 εὐθύγραμμα
911 1579 970 1629 τῷ
1009 1573 1113 1614 εἰ-’δει
1150 1573 1211 1622 εἰς
1248 1571 1456 1626 δεδομένα

129 1643 320 1697 τρίγωνα
351 1642 579 1698 διαιρεῖται
611 1649 670 1699 τῷ
703 1643 820 1684 εῖδει.

752 1785 809 1823 μη
833 1801 841 1810 -

217 1848 319 1892 Ἐὰν
344 1849 427 1892 ἀπὸ
453 1856 528 1904 τῆς
552 1849 685 1904 αὐτῆς
709 1849 883 1899 εὐθείας
907 1850 987 1891 δύο
1013 1852 1202 1905 τρίγωνα
1228 1849 1458 1904 ἀναγραφῇ

61 1918 342 1974 25δεδομένα
372 1926 431 1977 τῷ
463 1920 582 1974 εῖδει,
613 1921 745 1973 λόγον
776 1918 857 1969 ἕξει
888 1920 996 1974 πρὸς
1023 1920 1186 1972 ἄλληλα
1211 1918 1456 1973 δεδομένον.

219 1989 302 2031 ἀπὸ
340 1990 422 2044 γὰρ
453 1995 529 2044 τῆς
560 1989 692 2044 αὐτῆς
722 1989 896 2038 εὐθείας
926 1995 1001 2043 τῆς
1031 1991 1118 2030 ΑΒ
1155 1988 1236 2030 δύο
1267 1990 1456 2043 τρίγωνα

223 2119 254 2150 2.
283 2115 334 2155 εἰς
360 2113 540 2159 δεδομένα
566 2117 614 2161 τῷ
641 2113 731 2149 εἴδει
755 2112 911 2159 τρίγωνα
939 2114 1134 2157 διαιρεῖται
1158 2113 1193 2158 b,
1219 2112 1309 2148 item
1332 2110 1395 2147 lin.
1423 2115 1454 2147 ὃ.

179 2165 208 2196 7.
237 2164 305 2196 ΒΕ
351 2163 457 2196 ΑΒΕ
480 2161 515 2196 b.
614 2164 667 2195 10.
696 2161 796 2207 EA]
821 2163 890 2195 ΑΕ
914 2160 948 2203 b,
975 2160 1064 2194 item
1083 2159 1145 2194 lin.
1168 2163 1221 2194 11.
1319 2157 1456 2193 ἐπεί-

132 2212 186 2244 12.
213 2162 357 2253 δοθεές]
389 2206 513 2242 neseio
545 2218 593 2241 an
623 2206 847 2252 interpolata
879 2206 962 2241 sint.
1063 2210 1114 2241 13.
1149 2205 1243 2241 ἔστιν
1270 2217 1302 2240 V.
1400 2207 1453 2239 15.
1498 2203 1499 2206 ’

129 2255 217 2301 τῶν]
238 2265 306 2289 om.
321 2254 355 2288 b.
454 2253 565 2300 ἐστιν]
593 2253 665 2288 ἐστι
691 2266 722 2288 V.
821 2257 874 2288 17.
903 2253 984 2298 ΕΒ]
1014 2255 1078 2287 ΓΒ
1102 2252 1137 2287 b.
1227 2251 1309 2298 τήν]
1336 2262 1404 2286 om.
1419 2250 1455 2285 b.
