1520 2508
85 95 135 130 VI
605 97 879 132 PRAEFATIO.

84 195 211 245 atque
249 206 299 232 ex
327 190 402 231 illa
432 191 640 232 librorum
676 205 805 232 manu
836 192 1091 247 scriptorum
1129 193 1415 243 multitudine,

82 261 207 303 facile
245 260 350 302 mihi
386 260 578 315 persuasi
614 261 659 301 in
694 260 843 315 primis
882 276 955 303 sex
984 262 1214 316 plurimum
1243 264 1399 307 habere

82 330 292 385 ponderis.
354 333 453 371 sunt
485 333 627 371 autem
657 330 719 371 hi:

140 399 174 440 P
195 421 248 433 =
269 400 358 441 cod.
385 400 521 442 Uatic.
555 399 624 441 Gr.
653 400 735 441 190
765 400 980 456 Peyrardi,
1009 402 1182 444 membr.
1214 417 1319 446 saec.
1348 404 1398 459 X,

192 470 356 511 duobus
371 473 570 511 constans
583 470 883 525 uoluminibus,
902 471 951 512 de
966 485 1049 525 quo
1063 486 1103 512 u.
1119 472 1200 513 uol.
1213 471 1233 514 I
1246 473 1399 527 p.VIII

191 543 234 580 et
264 539 348 581 uol.
373 539 414 581 V
441 555 481 594 p.
507 539 650 580 XXIV
669 554 746 594 sq.;
776 543 945 595 praeter
974 541 1214 597 Elementa,
1245 542 1398 584 Marini

190 609 540 650 commentarium
560 607 661 665 (uol.
675 609 718 651 Π
731 609 1064 667 f01.248-249),
1083 611 1196 653 Data
1209 610 1299 668 (fol.
1314 612 1398 655 250

187 677 339 734 -281)
359 679 549 721 continet
568 679 752 721 Theonis
776 679 1007 735 ὑπόμνημα
1033 682 1094 731 εἰς
1114 683 1216 731 τοὺς
1232 685 1399 738 προχεί-

188 764 293 804 ρους
305 750 492 798 κανόνας
504 751 789 803 Πτολεμαίου.
815 750 865 791 de
879 753 1018 792 aetate
1032 751 1251 806 archetypi
1263 753 1395 796 totius

188 819 344 861 codicis
367 822 440 860 aut
462 818 552 860 eius
577 819 728 874 partis,
757 834 841 874 qua
859 819 1042 862 Theonis
1069 823 1395 865 commentarius

187 889 445 944 continetur,
494 889 699 944 singulari
740 889 996 931 liberalitate
1039 905 1087 932 ac
1131 891 1395 947 benignitate

185 973 252 999 me
281 959 448 1000 edocuit
472 958 739 1000 Hermannus
765 958 937 1001 Usener.
986 960 1032 1001 in
1062 961 1252 1016 margine
1283 962 1394 1004 enim

185 1027 258 1069 fol.
268 1029 374 1070 298³
393 1029 446 1069 ad
459 1028 642 1070 Theonis
657 1029 788 1070 uerba
801 1029 905 1071 ὅταν
918 1029 940 1071 ὁ
954 1037 1041 1071 τῶν
1057 1032 1395 1086 τετραετηρίδων

184 1099 388 1153 μερισμὸς
418 1105 552 1153 τριῶν
582 1098 691 1140 ἐτῶν
720 1101 951 1154 καταλείπῃ
982 1099 1049 1140 uir
1078 1114 1266 1142 summus
1291 1101 1394 1144 haec

108 1207 111 1209 ,
183 1167 371 1222 repperit
402 1168 577 1222 scripta:
617 1168 675 1217 ὡς
705 1174 788 1210 νῦν
819 1168 979 1223 συνέβη
1011 1168 1078 1211 ἐπὶ
1109 1157 1168 1225 (Ξ)
1199 1177 1276 1212 τοῦ
1307 1162 1394 1226 ὦ

181 1240 502 1291 Διοκλητιανοῦ
522 1236 867 1294 (διοκλιτιανοῦ),
887 1237 1108 1281 τουτέστιν
1127 1238 1194 1281 ἐπὶ
1209 1238 1293 1296 (επ)
1315 1247 1392 1282 τοῦ

180 1297 278 1357 δοῖ
285 1309 409 1356 ἔτους
422 1306 548 1363 (ὃοψε
567 1306 687 1363 τοὺς)
703 1309 810 1350 κατὰ
827 1306 1057 1363 Ἀπάμειαν
1071 1307 1300 1366 (ἀπαμιαν)
1313 1311 1392 1365 τὴν

179 1376 282 1419 καθ’
305 1377 423 1431 ἡμᾶς.
474 1392 570 1419 cum
601 1381 743 1419 autem
773 1377 997 1433 Apameae,
1028 1380 1073 1420 in
1102 1379 1206 1420 urbe
1234 1379 1392 1436 Syriae,

180 1446 276 1488 anni
301 1450 624 1488 numerarentur
650 1447 702 1488 ad
720 1462 861 1489 aeram
885 1463 1008 1502 quam
1034 1452 1190 1490 uocant
1214 1448 1393 1492 Seleuci-

181 1516 341 1571 darum,
372 1516 566 1571 efficitur,
601 1517 876 1572 archetypum
908 1518 1064 1560 codicis
1094 1518 1128 1559 P
1160 1522 1233 1560 aut
1256 1520 1390 1574 partis

180 1585 269 1627 eius
309 1585 551 1627 Theoninae
595 1601 629 1627 a.
667 1586 753 1628 462
795 1602 834 1641 p.
873 1586 969 1629 Chr.
977 1621 988 1643 ‚
1036 1588 1108 1642 qui
1157 1592 1221 1630 est
1270 1604 1390 1631 aerae

181 1654 438 1697 Diocletiani
470 1670 604 1697 annus
645 1657 744 1712 179,
786 1657 831 1698 in
868 1657 947 1699 hac
983 1658 1086 1699 urbe
1130 1658 1182 1700 ab
1219 1659 1390 1701 homine

178 1739 264 1766 non
293 1725 464 1768 indocto
495 1726 652 1768 lectum
683 1741 785 1768 esse.
1017 1740 1019 1742 ·

68 1794 164 1836 Vat.
183 1815 235 1828 =
257 1796 345 1837 cod.
371 1795 508 1837 Uatic.
535 1795 605 1837 Gr.
632 1797 728 1850 204,
759 1797 933 1838 membr.
961 1812 1065 1839 saec.
1091 1797 1141 1852 X,
1173 1797 1291 1839 cuius
1323 1798 1390 1840 de-

180 1865 452 1918 scriptionem
467 1865 561 1907 dedi
571 1864 689 1907 Neue
699 1865 846 1907 Jahrb.
858 1866 885 1907 f.
898 1866 1048 1908 Philol.
1063 1867 1172 1910 1886
1186 1882 1224 1921 p.
1237 1868 1318 1909 183
1327 1882 1387 1922 sq.

179 1934 292 1975 Data
310 1934 440 1976 habet
459 1935 531 1976 fol.
550 1935 798 1991 172u—194‚
817 1936 1028 1978 Marinum
1042 1937 1114 1978 fol.
1130 1937 1388 1978 1951—1971.

178 2005 388 2058 permulta
410 2007 600 2047 correcta
625 2008 724 2046 sunt
743 2021 871 2048 manu
890 2021 995 2048 saec.
1015 2005 1095 2047 XV
1120 2004 1236 2062 (Vat.
1256 2021 1309 2048 m.
1330 2005 1388 2062 2),

180 2073 298 2115 cuius
324 2074 577 2128 scripturam
595 2075 765 2129 plenam
789 2075 835 2116 in
853 2075 1164 2131 prolegomenis
1191 2075 1387 2118 adferam.

135 2157 161 2183 v
182 2162 235 2176 =
256 2143 345 2184 cod.
365 2142 502 2185 Uatic.
524 2143 595 2185 Gr.
618 2145 740 2199 1038,
765 2145 939 2187 membr.
960 2159 1064 2187 saec.
1084 2144 1197 2201 XIII,
1227 2145 1276 2187 de
1302 2159 1386 2199 quo

177 2226 216 2252 u.
242 2211 324 2253 uol.
344 2211 384 2253 V
408 2227 445 2266 p.
467 2212 579 2267 Vsq.
623 2213 736 2255 Data
759 2214 889 2255 habet
912 2214 983 2255 fol.
1008 2215 1254 2257 11411—129
1286 2215 1387 2256 dua-

178 2281 256 2323 bus
272 2282 467 2323 manibus
482 2297 512 2323 s.
523 2282 604 2324 XV
615 2286 814 2338 correcta,
830 2283 1040 2326 Marinum
1052 2284 1124 2326 fol.
1139 2285 1386 2326 113-11412.
