1520 2508
161 114 216 155 53
689 118 953 152 AEAOMENA.

246 210 307 257 εἰς
343 210 424 264 γὰρ
462 211 764 264 παραλλήλους
800 218 851 266 τῇ
888 210 1008 254 θέσει
1047 213 1278 268 δεδομένας
1308 216 1476 269 εὐθείας

159 279 234 326 τὰς
269 281 374 331 ΑΒ,
401 280 480 319 ΓΔ
522 278 604 320 ἀπὸ
643 278 878 334 δεδομένου
916 284 1094 336 σημείου
1137 288 1214 324 τοῦ
1251 287 1292 325 Ε
1330 285 1477 333 εὐθεῖα

157 347 329 402 γραμμὴ
360 347 483 400 ἤχθω
515 347 540 401 ἡ
572 351 717 390 ΕΖΗ.
771 348 894 403 λέγω,
926 351 991 392 ὅτι
1023 354 1150 405 λόγος
1180 352 1269 394 ἐστὶ
1299 359 1373 408 τῆς
1397 357 1476 399 ΕΖ

159 417 267 471 πρὸς
300 418 393 456 ΖΗ
418 417 578 465 δοθείς.

112 492 132 522 5
245 486 368 539 ἤχθω
406 486 488 541 γὰρ
521 485 603 527 ἀπὸ
634 493 712 528 τοῦ
743 491 784 528 Ε
817 490 995 543 σημείου
1034 488 1103 531 ἐπὶ
1133 492 1212 545 τὴν
1244 494 1323 533 ΓΔ
1350 493 1474 536 κ’άθε-

157 569 230 603 tog·
260 553 285 607 ἡ
317 557 460 596 ΕΚΘ.
524 554 613 597 ἐπεὶ
645 555 728 598 ἀπὸ
760 557 994 613 δεδομένου
1026 562 1205 614 σημείου
1235 567 1312 602 τοῦ
1342 565 1383 603 Ε
1409 553 1474 606 ἐπὶ

157 622 278 665 θέσει
304 624 542 678 δεδομένην
567 625 746 668 εὐθεῖαν
770 628 849 681 τὴν
875 630 954 669 ΓΔ
984 629 1135 670 εὐθεῖα
1160 631 1330 685 γραμμὴ
1356 626 1475 684 ἦκται

157 693 183 747 ἡ
208 696 294 734 ΕΘ
324 694 562 749 δεδομένην
591 701 776 737 ποιοῦσα
806 699 970 749 γωνίαν
1001 699 1080 752 τὴν
1106 698 1192 740 ὑπὸ
1217 706 1304 740 τῶν
1328 701 1473 755 ΕΘΗ,

156 760 277 804 θέσει
318 764 400 818 ἄρα
439 762 556 805 ἐστὶν
593 764 618 817 ἡ
657 767 757 806 ΕΘ·
805 764 926 808 θέσει
971 765 1018 808 δὲ
1060 766 1132 809 καὶ
1175 767 1350 823 ἑκατέρα
1391 768 1475 812 τῶν

90 839 133 869 10
158 835 258 886 ΑΒ,
284 834 380 873 ΓΔ·
421 831 556 874 δοθὲν
586 834 670 888 ἄρα
701 832 818 875 ἐστὶν
849 833 1050 890 ἑκάτερον
1081 843 1168 878 τῶν
1199 839 1252 890 K,
1281 840 1328 878 Θ.
1388 840 1473 880 ἔστι

157 899 205 943 δὲ
241 900 311 942 καὶ
349 901 397 942 τὸ
428 905 469 943 Ε
503 901 656 944 δοθέν·
700 903 882 944 δοθεῖσα
919 905 1002 959 ἄρα
1039 904 1156 947 ἐστὶν
1187 905 1362 962 ἑκατέρα
1391 914 1475 949 τῶν

154 973 259 1024 ΕΚ,
285 973 383 1012 ΚΘ.
445 974 572 1024 λόγος
607 973 691 1027 ἄρα
721 979 796 1027 τῆς
826 976 917 1014 ΕΚ
949 973 1056 1027 πρὸς
1086 976 1165 1029 τὴν
1196 977 1284 1017 ΚΘ
1318 977 1472 1026 δοθείς.

154 1042 229 1081 καί
257 1039 374 1082 ἐστιν
406 1040 463 1089 ὡς
494 1040 520 1094 ἡ
552 1043 643 1082 ΕΚ
667 1041 776 1095 πρὸς
806 1043 885 1096 τὴν
910 1045 954 1083 Κ
962 1046 1010 1096 Θ,
1042 1043 1180 1092 οὕτως
1209 1044 1234 1097 ἡ
1262 1048 1342 1086 ΕΖ
1372 1045 1477 1101 πρὸς

154 1110 233 1163 τὴν
260 1112 358 1151 ΖΗ.
408 1111 536 1162 λόγος
561 1111 644 1165 ἄρα
668 1109 739 1152 καὶ
764 1117 839 1164 τῆς
858 1115 940 1153 ΕΖ
970 1112 1078 1167 πρὸς
1102 1114 1181 1166 τὴν
1203 1117 1296 1155 ΖΗ
1319 1115 1480 1165 δοθείς.“

85 1243 128 1273 15
782 1237 856 1279 λε’.

237 1315 338 1358 Ἐὰν
374 1317 457 1359 ἀπὸ
495 1317 730 1372 δεδομένου
768 1321 946 1373 σημείου
984 1318 1052 1361 ἐπὶ
1089 1319 1209 1362 θέσει
1241 1319 1473 1376 δεδομένην

155 1385 334 1427 εὐθεῖαν
365 1386 517 1428 εὐθεῖα
547 1389 718 1442 γραμμὴ
751 1387 866 1443 ἀχθῇ
891 1387 962 1430 καὶ
987 1393 1132 1445 τμηθῇ
1158 1391 1219 1440 εἰς
1244 1389 1474 1446 δεδομένον

154 1456 304 1508 λόγον,
348 1455 422 1496 διὰ
459 1453 506 1496 δὲ
542 1462 617 1510 τῆς
653 1463 785 1511 τομῆς
820 1459 937 1513 παρὰ
973 1459 1052 1512 τὴν
1081 1457 1203 1501 θέσει
1241 1455 1473 1515 δεδομένην

152 1524 330 1566 εὐθεῖαν
361 1524 512 1566 εὐθεῖα
549 1527 720 1581 γραμμὴ
758 1526 892 1582 ἀχθῇ,
937 1526 1109 1569 δέδοται
1146 1529 1171 1583 ἡ
1208 1528 1390 1583 ἀχθεῖσα
1425 1533 1473 1584 τῇ

80 1601 126 1632 20
150 1592 283 1635 θέσει.

238 1663 320 1704 ἀπὸ
353 1663 434 1718 γὰρ
468 1664 703 1719 δεδομένου
735 1667 912 1720 σημείου
938 1672 1015 1708 τοῦ
1041 1670 1082 1708 Α
1114 1665 1181 1708 ἐπὶ
1209 1666 1330 1708 θέσει
1355 1667 1472 1709 δεδο-

150 1731 285 1786 μένην
321 1733 500 1775 εὐθεῖαν
535 1735 615 1788 τὴν
650 1737 728 1776 ΓΒ
766 1735 916 1777 εὐθεῖα
954 1737 1126 1791 γραμμὴ
1163 1737 1286 1790 ἤχθω
1323 1735 1348 1790 ἡ
1386 1739 1472 1778 ΑΔ

151 1801 223 1843 καὶ
253 1804 478 1857 τετμήσθω
515 1804 577 1852 εἰς
607 1803 842 1858 δεδομένον
877 1807 1008 1858 λόγον
1039 1806 1116 1847 τὸν
1146 1811 1221 1859 τῆς
1250 1809 1340 1847 ΔΕ
1367 1804 1472 1861 πρὸς

151 1874 250 1926 ΕΑ,
279 1871 351 1913 καὶ
375 1873 498 1926 ἤχθω
523 1873 596 1914 διὰ
620 1878 698 1914 τοῦ
724 1877 764 1914 Ε
792 1879 842 1928 τῇ
868 1876 955 1915 ΒΓ
979 1875 1252 1929 παράλληλος
1276 1874 1301 1928 ἡ
1330 1876 1470 1917 ΖΕΗ.

83 1947 128 1978 25
153 1939 276 1995 λέγω,
308 1941 374 1983 ὅτι
403 1940 525 1983 θέσει
558 1941 675 1984 ἐστὶν
705 1943 731 1997 ἡ
765 1946 907 1984 ΖΕΗ.

243 2070 272 2100 1.
300 2065 517 2113 δεδομένοις]
542 2067 599 2101 bis
625 2067 649 2102 b
676 2069 761 2111 (non
787 2070 831 2112 a).
930 2071 959 2102 ὃ.
989 2069 1119 2102 εὐθεῖα
1145 2066 1304 2107 κάθετος
1327 2067 1361 2102 b.
1438 2070 1468 2102 6.

150 2110 244 2157 ἐπεί]
271 2112 348 2147 ἐπεὶ
374 2111 441 2148 οὖν
466 2113 500 2148 b.
615 2112 675 2148 ἐπί
700 2134 743 2139 -—-
770 2117 800 2148 8.
829 2115 916 2159 ΕΘ]
943 2125 1011 2149 0111.
1038 2114 1072 2149 b.
1175 2118 1206 2148 8.
1231 2119 1410 2149 ποιοῦσαν
1434 2113 1467 2148 b.

197 2160 334 2204 ΕΘΗ]
363 2162 470 2195 ΕΘΛ
494 2159 528 2195 b.
604 2163 656 2194 10.
683 2160 770 2205 τῶν]
796 2159 835 2194 τό
861 2160 944 2194 Vat.
1018 2164 1061 2205 K,
1079 2162 1111 2195 Θ
1129 2158 1284 2204 σημείων
1310 2171 1342 2194 a.
1416 2162 1467 2194 11.

152 2205 198 2250 E]
225 2207 298 2239 ΔΕ
322 2216 353 2239 a.
477 2210 529 2241 12.
558 2208 641 2250 ΕΚ,
669 2208 743 2241 ΚΘ
786 2208 870 2249 ΘΚ,
895 2208 968 2240 ΚΕ
993 2217 1024 2241 a.
1144 2207 1233 2241 Post
1257 2206 1362 2251 λόγος
1386 2204 1466 2240 add.

150 2249 246 2286 ἐστίν
272 2263 303 2286 a.
423 2251 505 2298 τήν]
539 2263 577 2294 εις
614 2252 655 2287 τό
685 2253 714 2286 Ρ
755 2254 852 2296 at.v‚
885 2252 949 2286 sed
980 2263 1068 2287 corr.
1095 2265 1140 2287 m.
1169 2256 1189 2287 2
1219 2253 1302 2287 Vah.
1416 2254 1467 2287 13.
1495 2298 1497 2300 Ι

148 2295 211 2332 καί
237 2297 333 2332 ἐστιν
358 2298 419 2343 ὡς]
453 2299 499 2338 ὡς
524 2297 565 2332 δέ
597 2309 628 2333 a.
751 2302 804 2333 14.
831 2298 911 2342 Seq.
939 2299 1134 2335 demonstr.
1161 2298 1294 2343 altera,
1326 2309 1359 2333 u.
1386 2307 1475 2346 appz»

1479 2407 1506 2432 j„
