<?xml version="1.0" encoding="UTF-8"?>
<!DOCTYPE html PUBLIC "-//W3C//DTD XHTML 1.0 Transitional//EN"
    "http://www.w3.org/TR/xhtml1/DTD/xhtml1-transitional.dtd">
<html xmlns="http://www.w3.org/1999/xhtml" xml:lang="en" lang="en">
 <head>
  <title>
</title>
<meta http-equiv="Content-Type" content="text/html;charset=utf-8" />
  <meta name='ocr-system' content='tesseract 3.04.00' />
  <meta name='ocr-capabilities' content='ocr_page ocr_carea ocr_par ocr_line ocrx_word'/>
</head>
<body>
  <div class='ocr_page' id='page_1' title='image "./euclidisoperaomn06eucluoft_0322.png"; bbox 0 0 1520 2508; ppageno 0'>
   <div class='ocr_carea' id='block_1_1' title="bbox 139 842 183 874">
    <p class='ocr_par' dir='ltr' id='par_1_1' title="bbox 139 842 183 874">
     <span class='ocr_line' id='line_1_1' title="bbox 139 842 183 874; baseline 0.023 -1"><span class='ocrx_word' id='word_1_1' title='bbox 139 842 183 874; x_wconf 90' lang='lat'><em>10</em></span> 
     </span>
    </p>
   </div>
   <div class='ocr_carea' id='block_1_2' title="bbox 143 1190 186 1220">
    <p class='ocr_par' dir='ltr' id='par_1_2' title="bbox 143 1190 186 1220">
     <span class='ocr_line' id='line_1_2' title="bbox 143 1190 186 1220; baseline 0 0"><span class='ocrx_word' id='word_1_2' title='bbox 143 1190 186 1220; x_wconf 87' lang='lat'><em>15</em></span> 
     </span>
    </p>
   </div>
   <div class='ocr_carea' id='block_1_3' title="bbox 141 1536 186 1567">
    <p class='ocr_par' dir='ltr' id='par_1_3' title="bbox 141 1536 186 1567">
     <span class='ocr_line' id='line_1_3' title="bbox 141 1536 186 1567; baseline -0.022 0"><span class='ocrx_word' id='word_1_3' title='bbox 141 1536 186 1567; x_wconf 87' lang='grc'><em>20</em></span> 
     </span>
    </p>
   </div>
   <div class='ocr_carea' id='block_1_4' title="bbox 142 1882 187 1913">
    <p class='ocr_par' dir='ltr' id='par_1_4' title="bbox 142 1882 187 1913">
     <span class='ocr_line' id='line_1_4' title="bbox 142 1882 187 1913; baseline -0.022 0"><span class='ocrx_word' id='word_1_4' title='bbox 142 1882 187 1913; x_wconf 78' lang='grc'><em>25</em></span> 
     </span>
    </p>
   </div>
   <div class='ocr_carea' id='block_1_5' title="bbox 204 115 1290 157">
    <p class='ocr_par' dir='ltr' id='par_1_5' title="bbox 204 115 1290 157">
     <span class='ocr_line' id='line_1_5' title="bbox 204 115 1290 157; baseline 0.001 -8"><span class='ocrx_word' id='word_1_5' title='bbox 204 115 287 157; x_wconf 76' lang='grc'><em>256</em></span> <span class='ocrx_word' id='word_1_6' title='bbox 417 117 585 150; x_wconf 84' lang='lat' dir='ltr'>MARINI</span> <span class='ocrx_word' id='word_1_7' title='bbox 608 116 895 149; x_wconf 86' lang='lat' dir='ltr'>PHILOSOPHI</span> <span class='ocrx_word' id='word_1_8' title='bbox 920 116 1290 150; x_wconf 82' lang='lat' dir='ltr'>COMMENTARIUS</span> 
     </span>
    </p>
   </div>
   <div class='ocr_carea' id='block_1_6' title="bbox 203 207 1520 1924">
    <p class='ocr_par' dir='ltr' id='par_1_6' title="bbox 203 207 1520 1924">
     <span class='ocr_line' id='line_1_6' title="bbox 203 207 1520 264; baseline 0.004 -14"><span class='ocrx_word' id='word_1_9' title='bbox 203 211 334 251; x_wconf 89' lang='grc' dir='ltr'><em>ποίαν</em></span> <span class='ocrx_word' id='word_1_10' title='bbox 365 209 601 263; x_wconf 83' lang='grc' dir='ltr'><strong><em>ἐπιστήμην</em></strong></span> <span class='ocrx_word' id='word_1_11' title='bbox 637 208 840 262; x_wconf 81' lang='grc' dir='ltr'><em>ἀνάγεται</em></span> <span class='ocrx_word' id='word_1_12' title='bbox 875 207 947 250; x_wconf 82' lang='grc' dir='ltr'><em>καὶ</em></span> <span class='ocrx_word' id='word_1_13' title='bbox 983 209 1050 251; x_wconf 83' lang='grc' dir='ltr'><em>ὅτι</em></span> <span class='ocrx_word' id='word_1_14' title='bbox 1080 210 1381 264; x_wconf 78' lang='grc' dir='ltr'><em>χρησιμωτάτη</em></span> <span class='ocrx_word' id='word_1_15' title='bbox 1410 209 1520 256; x_wconf 72' lang='grc' dir='ltr'><em>ἐστὶν</em></span> 
     </span>
     <span class='ocr_line' id='line_1_7' title="bbox 205 276 1520 335; baseline 0.002 -16"><span class='ocrx_word' id='word_1_16' title='bbox 205 278 230 332; x_wconf 83' lang='grc' dir='ltr'><em>ἡ</em></span> <span class='ocrx_word' id='word_1_17' title='bbox 261 277 359 333; x_wconf 89' lang='grc' dir='ltr'><em>περὶ</em></span> <span class='ocrx_word' id='word_1_18' title='bbox 390 278 525 319; x_wconf 87' lang='grc' dir='ltr'><em>αὐτοῦ</em></span> <span class='ocrx_word' id='word_1_19' title='bbox 556 280 734 333; x_wconf 79' lang='grc' dir='ltr'><em>θεωρία.</em></span> <span class='ocrx_word' id='word_1_20' title='bbox 782 280 1059 333; x_wconf 78' lang='grc' dir='ltr'><em>προσκείσθω</em></span> <span class='ocrx_word' id='word_1_21' title='bbox 1091 276 1139 320; x_wconf 72' lang='grc' dir='ltr'><em>δὲ</em></span> <span class='ocrx_word' id='word_1_22' title='bbox 1168 286 1260 328; x_wconf 82' lang='grc' dir='ltr'><em>τοῖς</em></span> <span class='ocrx_word' id='word_1_23' title='bbox 1290 278 1520 335; x_wconf 62' lang='grc' dir='ltr'><em>εἰρημένοις</em></span> 
     </span>
     <span class='ocr_line' id='line_1_8' title="bbox 205 345 1520 405; baseline 0.002 -17"><span class='ocrx_word' id='word_1_24' title='bbox 205 346 276 388; x_wconf 86' lang='grc' dir='ltr'><em>καὶ</em></span> <span class='ocrx_word' id='word_1_25' title='bbox 307 346 332 399; x_wconf 83' lang='grc' dir='ltr'>ἡ</span> <span class='ocrx_word' id='word_1_26' title='bbox 363 348 610 403; x_wconf 86' lang='grc' dir='ltr'><em>περιγραφὴ</em></span> <span class='ocrx_word' id='word_1_27' title='bbox 641 353 717 401; x_wconf 82' lang='grc' dir='ltr'><em>τῆς</em></span> <span class='ocrx_word' id='word_1_28' title='bbox 745 345 844 402; x_wconf 86' lang='grc' dir='ltr'><em>περὶ</em></span> <span class='ocrx_word' id='word_1_29' title='bbox 875 347 1010 389; x_wconf 83' lang='grc' dir='ltr'><em>αὐτοῦ</em></span> <span class='ocrx_word' id='word_1_30' title='bbox 1043 346 1284 402; x_wconf 78' lang='grc' dir='ltr'><em>ἐπιστήμης.</em></span> <span class='ocrx_word' id='word_1_31' title='bbox 1333 349 1449 390; x_wconf 80' lang='grc' dir='ltr'><em>ἔσται</em></span> <span class='ocrx_word' id='word_1_32' title='bbox 1473 348 1520 405; x_wconf 54' lang='lat' dir='ltr'><em>‘lq</em></span> 
     </span>
     <span class='ocr_line' id='line_1_9' title="bbox 206 415 1520 471; baseline 0.002 -14"><span class='ocrx_word' id='word_1_33' title='bbox 206 416 334 470; x_wconf 79' lang='grc' dir='ltr'><em>αὕτη,</em></span> <span class='ocrx_word' id='word_1_34' title='bbox 371 416 429 465; x_wconf 83' lang='grc' dir='ltr'><em>ὡς</em></span> <span class='ocrx_word' id='word_1_35' title='bbox 460 415 506 457; x_wconf 84' lang='grc' dir='ltr'><em>ἐκ</em></span> <span class='ocrx_word' id='word_1_36' title='bbox 535 423 623 457; x_wconf 82' lang='grc' dir='ltr'><em>τῶν</em></span> <span class='ocrx_word' id='word_1_37' title='bbox 654 415 891 471; x_wconf 79' lang='grc' dir='ltr'><em>εἰρημένων</em></span> <span class='ocrx_word' id='word_1_38' title='bbox 928 417 1140 470; x_wconf 86' lang='grc' dir='ltr'><em>φανερόν,</em></span> <span class='ocrx_word' id='word_1_39' title='bbox 1175 416 1413 470; x_wconf 80' lang='grc' dir='ltr'><em>κατάληψις</em></span> <span class='ocrx_word' id='word_1_40' title='bbox 1441 425 1520 462; x_wconf 66' lang='grc' dir='ltr'><em>τῶν</em></span> 
     </span>
     <span class='ocr_line' id='line_1_10' title="bbox 207 483 1520 541; baseline 0.003 -14"><span class='ocrx_word' id='word_1_41' title='bbox 207 484 454 540; x_wconf 78' lang='grc' dir='ltr'><em>δεδομένων</em></span> <span class='ocrx_word' id='word_1_42' title='bbox 494 486 602 527; x_wconf 85' lang='grc' dir='ltr'><em>κατὰ</em></span> <span class='ocrx_word' id='word_1_43' title='bbox 644 485 785 526; x_wconf 90' lang='grc' dir='ltr'><em>πάντα</em></span> <span class='ocrx_word' id='word_1_44' title='bbox 826 486 988 540; x_wconf 87' lang='grc' dir='ltr'><em>τρόπον</em></span> <span class='ocrx_word' id='word_1_45' title='bbox 1035 483 1107 526; x_wconf 85' lang='grc' dir='ltr'><em>καὶ</em></span> <span class='ocrx_word' id='word_1_46' title='bbox 1153 492 1240 527; x_wconf 83' lang='grc' dir='ltr'><em>τῶν</em></span> <span class='ocrx_word' id='word_1_47' title='bbox 1282 485 1380 541; x_wconf 87' lang='grc' dir='ltr'><em>περὶ</em></span> <span class='ocrx_word' id='word_1_48' title='bbox 1421 487 1520 531; x_wconf 51' lang='grc' dir='ltr'><em>αὐτή</em></span> 
     </span>
     <span class='ocr_line' id='line_1_11' title="bbox 206 551 1520 610; baseline 0.002 -14"><span class='ocrx_word' id='word_1_49' title='bbox 206 556 548 609; x_wconf 87' lang='grc' dir='ltr'><em>συμβαινόντων.</em></span> <span class='ocrx_word' id='word_1_50' title='bbox 611 555 733 603; x_wconf 83' lang='grc' dir='ltr'><em>ἰδίως</em></span> <span class='ocrx_word' id='word_1_51' title='bbox 763 551 810 595; x_wconf 73' lang='grc' dir='ltr'><em>δὲ</em></span> <span class='ocrx_word' id='word_1_52' title='bbox 841 553 913 595; x_wconf 83' lang='grc' dir='ltr'><em>καὶ</em></span> <span class='ocrx_word' id='word_1_53' title='bbox 944 554 1003 603; x_wconf 83' lang='grc' dir='ltr'><em>ὡς</em></span> <span class='ocrx_word' id='word_1_54' title='bbox 1032 555 1140 608; x_wconf 90' lang='grc' dir='ltr'><em>πρὸς</em></span> <span class='ocrx_word' id='word_1_55' title='bbox 1170 555 1218 596; x_wconf 92' lang='grc' dir='ltr'><em>τὸ</em></span> <span class='ocrx_word' id='word_1_56' title='bbox 1249 556 1520 610; x_wconf 71' lang='grc' dir='ltr'><em>προκείμενον</em></span> 
     </span>
     <span class='ocr_line' id='line_1_12' title="bbox 205 620 1520 680; baseline 0.002 -14"><span class='ocrx_word' id='word_1_57' title='bbox 205 627 378 679; x_wconf 83' lang='grc' dir='ltr'><em>βιβλίον</em></span> <span class='ocrx_word' id='word_1_58' title='bbox 409 623 600 678; x_wconf 78' lang='grc' dir='ltr'><em>λεγέσθω</em></span> <span class='ocrx_word' id='word_1_59' title='bbox 632 620 742 665; x_wconf 82' lang='grc' dir='ltr'><em>εἶναι</em></span> <span class='ocrx_word' id='word_1_60' title='bbox 767 623 956 678; x_wconf 81' lang='grc' dir='ltr'><em>μέθοδος</em></span> <span class='ocrx_word' id='word_1_61' title='bbox 980 625 1249 677; x_wconf 86' lang='grc' dir='ltr'><em>στοιχείωσιν</em></span> <span class='ocrx_word' id='word_1_62' title='bbox 1272 623 1520 680; x_wconf 77' lang='grc' dir='ltr'><em>περιέχουσα</em></span> 
     </span>
     <span class='ocr_line' id='line_1_13' title="bbox 206 691 1520 750; baseline 0.002 -14"><span class='ocrx_word' id='word_1_63' title='bbox 206 699 282 748; x_wconf 81' lang='grc' dir='ltr'><em>τῆς</em></span> <span class='ocrx_word' id='word_1_64' title='bbox 313 695 415 747; x_wconf 85' lang='grc' dir='ltr'><em>ὅλης</em></span> <span class='ocrx_word' id='word_1_65' title='bbox 450 692 548 750; x_wconf 88' lang='grc' dir='ltr'><em>περὶ</em></span> <span class='ocrx_word' id='word_1_66' title='bbox 586 701 673 735; x_wconf 86' lang='grc' dir='ltr'><em>τῶν</em></span> <span class='ocrx_word' id='word_1_67' title='bbox 704 691 948 747; x_wconf 88' lang='grc' dir='ltr'><em>δεδομένων</em></span> <span class='ocrx_word' id='word_1_68' title='bbox 980 692 1226 747; x_wconf 83' lang='grc' dir='ltr'><em>ἐπιστήμης·</em></span> <span class='ocrx_word' id='word_1_69' title='bbox 1270 692 1352 743; x_wconf 79' lang='grc' dir='ltr'><em>ἕξει</em></span> <span class='ocrx_word' id='word_1_70' title='bbox 1383 691 1430 735; x_wconf 76' lang='grc' dir='ltr'><em>δὲ</em></span> <span class='ocrx_word' id='word_1_71' title='bbox 1458 691 1520 738; x_wconf 75' lang='lat' dir='ltr'><em>uod</em></span> 
     </span>
     <span class='ocr_line' id='line_1_14' title="bbox 207 760 1520 819; baseline -0.001 -14"><span class='ocrx_word' id='word_1_72' title='bbox 207 764 316 818; x_wconf 87' lang='grc' dir='ltr'><em>αὐτὴ</em></span> <span class='ocrx_word' id='word_1_73' title='bbox 353 764 401 805; x_wconf 93' lang='grc' dir='ltr'><em>τὸ</em></span> <span class='ocrx_word' id='word_1_74' title='bbox 442 764 653 819; x_wconf 90' lang='grc' dir='ltr'><em>χρήσιμον</em></span> <span class='ocrx_word' id='word_1_75' title='bbox 689 762 944 811; x_wconf 77' lang='grc' dir='ltr'><em>ἀκολούθως</em></span> <span class='ocrx_word' id='word_1_76' title='bbox 981 760 1054 804; x_wconf 84' lang='grc' dir='ltr'><em>καὶ</em></span> <span class='ocrx_word' id='word_1_77' title='bbox 1089 762 1142 803; x_wconf 80' lang='grc' dir='ltr'><em>τὰ</em></span> <span class='ocrx_word' id='word_1_78' title='bbox 1172 763 1281 804; x_wconf 79' lang='grc' dir='ltr'><em>ἄλλα</em></span> <span class='ocrx_word' id='word_1_79' title='bbox 1316 763 1424 804; x_wconf 82' lang='grc' dir='ltr'><em>κατὰ</em></span> <span class='ocrx_word' id='word_1_80' title='bbox 1452 763 1520 819; x_wconf 55' lang='grc' dir='ltr'><em>τὴς</em></span> 
     </span>
     <span class='ocr_line' id='line_1_15' title="bbox 208 829 1520 888; baseline 0.001 -14"><span class='ocrx_word' id='word_1_81' title='bbox 208 832 437 888; x_wconf 84' lang='grc' dir='ltr'><em>ἀναφορὰν</em></span> <span class='ocrx_word' id='word_1_82' title='bbox 479 834 559 886; x_wconf 84' lang='grc' dir='ltr'><em>τὴν</em></span> <span class='ocrx_word' id='word_1_83' title='bbox 601 833 710 888; x_wconf 84' lang='grc' dir='ltr'><em>πρὸς</em></span> <span class='ocrx_word' id='word_1_84' title='bbox 751 833 799 873; x_wconf 89' lang='grc' dir='ltr'><em>τὸ</em></span> <span class='ocrx_word' id='word_1_85' title='bbox 837 830 1083 885; x_wconf 87' lang='grc' dir='ltr'><em>δεδομένον.</em></span> <span class='ocrx_word' id='word_1_86' title='bbox 1155 830 1355 886; x_wconf 83' lang='grc' dir='ltr'><em>διῄρηται</em></span> <span class='ocrx_word' id='word_1_87' title='bbox 1395 829 1441 873; x_wconf 75' lang='grc' dir='ltr'><em>δὲ</em></span> <span class='ocrx_word' id='word_1_88' title='bbox 1481 833 1520 875; x_wconf 59' lang='grc' dir='ltr'><em>τὸ</em></span> 
     </span>
     <span class='ocr_line' id='line_1_16' title="bbox 208 898 1520 957; baseline -0.002 -13"><span class='ocrx_word' id='word_1_89' title='bbox 208 904 381 956; x_wconf 88' lang='grc' dir='ltr'><em>βιβλίον</em></span> <span class='ocrx_word' id='word_1_90' title='bbox 411 903 520 957; x_wconf 87' lang='grc' dir='ltr'><em>πρὸς</em></span> <span class='ocrx_word' id='word_1_91' title='bbox 549 902 601 943; x_wconf 81' lang='grc' dir='ltr'><em>τὰ</em></span> <span class='ocrx_word' id='word_1_92' title='bbox 631 907 709 943; x_wconf 89' lang='grc' dir='ltr'><em>τοῦ</em></span> <span class='ocrx_word' id='word_1_93' title='bbox 741 899 976 955; x_wconf 85' lang='grc' dir='ltr'><em>δεδομένου</em></span> <span class='ocrx_word' id='word_1_94' title='bbox 1003 901 1116 954; x_wconf 78' lang='grc' dir='ltr'><em>εἴδη,</em></span> <span class='ocrx_word' id='word_1_95' title='bbox 1146 899 1218 941; x_wconf 84' lang='grc' dir='ltr'><em>καὶ</em></span> <span class='ocrx_word' id='word_1_96' title='bbox 1242 902 1290 942; x_wconf 94' lang='grc' dir='ltr'><em>τὸ</em></span> <span class='ocrx_word' id='word_1_97' title='bbox 1315 898 1394 955; x_wconf 77' lang='grc' dir='ltr'><em>μὲν</em></span> <span class='ocrx_word' id='word_1_98' title='bbox 1416 907 1520 956; x_wconf 59' lang='grc' dir='ltr'><em>πρᾶξ-</em></span> 
     </span>
     <span class='ocr_line' id='line_1_17' title="bbox 208 969 1520 1026; baseline -0.002 -13"><span class='ocrx_word' id='word_1_99' title='bbox 208 986 285 1013; x_wconf 91' lang='grc' dir='ltr'><em>τον</em></span> <span class='ocrx_word' id='word_1_100' title='bbox 327 971 463 1013; x_wconf 84' lang='grc' dir='ltr'><em>αὐτοῦ</em></span> <span class='ocrx_word' id='word_1_101' title='bbox 499 976 641 1025; x_wconf 81' lang='grc' dir='ltr'><em>τμῆμα</em></span> <span class='ocrx_word' id='word_1_102' title='bbox 677 969 861 1026; x_wconf 87' lang='grc' dir='ltr'><em>περιέχει</em></span> <span class='ocrx_word' id='word_1_103' title='bbox 904 970 956 1010; x_wconf 84' lang='grc' dir='ltr'><em>τὰ</em></span> <span class='ocrx_word' id='word_1_104' title='bbox 992 970 1099 1011; x_wconf 81' lang='grc' dir='ltr'><em>κατὰ</em></span> <span class='ocrx_word' id='word_1_105' title='bbox 1141 971 1274 1023; x_wconf 90' lang='grc' dir='ltr'><em>λόγον</em></span> <span class='ocrx_word' id='word_1_106' title='bbox 1310 969 1520 1025; x_wconf 59' lang='grc' dir='ltr'><em>δεδομέναςΙ</em></span> 
     </span>
     <span class='ocr_line' id='line_1_18' title="bbox 208 1036 1520 1102; baseline -0.002 -20"><span class='ocrx_word' id='word_1_107' title='bbox 208 1042 256 1082; x_wconf 94' lang='grc' dir='ltr'><em>τὸ</em></span> <span class='ocrx_word' id='word_1_108' title='bbox 301 1039 349 1082; x_wconf 76' lang='grc' dir='ltr'><em>δὲ</em></span> <span class='ocrx_word' id='word_1_109' title='bbox 387 1041 591 1095; x_wconf 87' lang='grc' dir='ltr'><em>δεύτερον</em></span> <span class='ocrx_word' id='word_1_110' title='bbox 633 1040 685 1081; x_wconf 83' lang='grc' dir='ltr'><em>τὰ</em></span> <span class='ocrx_word' id='word_1_111' title='bbox 721 1047 771 1095; x_wconf 83' lang='grc' dir='ltr'><em>τῇ</em></span> <span class='ocrx_word' id='word_1_112' title='bbox 808 1038 947 1081; x_wconf 82' lang='grc' dir='ltr'><em>θέσει’</em></span> <span class='ocrx_word' id='word_1_113' title='bbox 991 1038 1060 1080; x_wconf 83' lang='grc' dir='ltr'><em>ἐπὶ</em></span> <span class='ocrx_word' id='word_1_114' title='bbox 1097 1036 1144 1080; x_wconf 75' lang='grc' dir='ltr'><em>δὲ</em></span> <span class='ocrx_word' id='word_1_115' title='bbox 1181 1040 1352 1088; x_wconf 88' lang='grc' dir='ltr'><em>τούτοις</em></span> <span class='ocrx_word' id='word_1_116' title='bbox 1387 1039 1438 1080; x_wconf 85' lang='grc' dir='ltr'><em>τά</em></span> <span class='ocrx_word' id='word_1_117' title='bbox 1473 1039 1520 1102; x_wconf 59' lang='grc' dir='ltr'><em>τᾷ</em></span> 
     </span>
     <span class='ocr_line' id='line_1_19' title="bbox 209 1106 1520 1165; baseline -0.002 -13"><span class='ocrx_word' id='word_1_118' title='bbox 209 1111 331 1152; x_wconf 75' lang='grc' dir='ltr'><em>εἴδει·</em></span> <span class='ocrx_word' id='word_1_119' title='bbox 363 1109 531 1152; x_wconf 84' lang='grc' dir='ltr'><em>ἁπλοῦν</em></span> <span class='ocrx_word' id='word_1_120' title='bbox 556 1110 638 1165; x_wconf 80' lang='grc' dir='ltr'><em>γὰρ</em></span> <span class='ocrx_word' id='word_1_121' title='bbox 664 1106 718 1162; x_wconf 81' lang='grc' dir='ltr'><em>ἦν</em></span> <span class='ocrx_word' id='word_1_122' title='bbox 750 1109 796 1150; x_wconf 88' lang='grc' dir='ltr'><em>τὸ</em></span> <span class='ocrx_word' id='word_1_123' title='bbox 821 1107 920 1164; x_wconf 86' lang='grc' dir='ltr'><em>περὶ</em></span> <span class='ocrx_word' id='word_1_124' title='bbox 950 1116 1038 1150; x_wconf 86' lang='grc' dir='ltr'><em>τῶν</em></span> <span class='ocrx_word' id='word_1_125' title='bbox 1068 1107 1241 1162; x_wconf 75' lang='grc' dir='ltr'><em>μεγέθει</em></span> <span class='ocrx_word' id='word_1_126' title='bbox 1272 1107 1520 1164; x_wconf 58' lang='grc' dir='ltr'><em>δεδομένωὺζ,</em></span> 
     </span>
     <span class='ocr_line' id='line_1_20' title="bbox 211 1174 1520 1235; baseline -0.002 -13"><span class='ocrx_word' id='word_1_127' title='bbox 211 1179 498 1235; x_wconf 81' lang='grc' dir='ltr'><em>κατέσπαρται</em></span> <span class='ocrx_word' id='word_1_128' title='bbox 530 1176 578 1220; x_wconf 76' lang='grc' dir='ltr'><em>δὲ</em></span> <span class='ocrx_word' id='word_1_129' title='bbox 607 1177 679 1219; x_wconf 80' lang='grc' dir='ltr'><em>καὶ</em></span> <span class='ocrx_word' id='word_1_130' title='bbox 710 1184 844 1219; x_wconf 84' lang='grc' dir='ltr'><em>ταῦτα</em></span> <span class='ocrx_word' id='word_1_131' title='bbox 875 1184 1058 1232; x_wconf 84' lang='grc' dir='ltr'><em>μερικῶς</em></span> <span class='ocrx_word' id='word_1_132' title='bbox 1089 1177 1136 1218; x_wconf 80' lang='grc' dir='ltr'><em>ἐν</em></span> <span class='ocrx_word' id='word_1_133' title='bbox 1166 1184 1256 1226; x_wconf 84' lang='grc' dir='ltr'><em>τοῖς</em></span> <span class='ocrx_word' id='word_1_134' title='bbox 1286 1178 1433 1226; x_wconf 79' lang='grc' dir='ltr'><em>ἄλλοις</em></span> <span class='ocrx_word' id='word_1_135' title='bbox 1461 1174 1520 1220; x_wconf 67' lang='grc' dir='ltr'><em>καὶ</em></span> 
     </span>
     <span class='ocr_line' id='line_1_21' title="bbox 210 1241 1520 1303; baseline -0.003 -12"><span class='ocrx_word' id='word_1_136' title='bbox 210 1250 394 1303; x_wconf 91' lang='grc' dir='ltr'><em>μάλιστα</em></span> <span class='ocrx_word' id='word_1_137' title='bbox 425 1248 472 1290; x_wconf 82' lang='grc' dir='ltr'><em>ἐν</em></span> <span class='ocrx_word' id='word_1_138' title='bbox 502 1255 592 1296; x_wconf 81' lang='grc' dir='ltr'><em>τοῖς</em></span> <span class='ocrx_word' id='word_1_139' title='bbox 621 1248 729 1289; x_wconf 84' lang='grc' dir='ltr'><em>κατὰ</em></span> <span class='ocrx_word' id='word_1_140' title='bbox 759 1248 808 1289; x_wconf 92' lang='grc' dir='ltr'><em>τὸ</em></span> <span class='ocrx_word' id='word_1_141' title='bbox 839 1244 955 1296; x_wconf 85' lang='grc' dir='ltr'><em>εἶδος</em></span> <span class='ocrx_word' id='word_1_142' title='bbox 985 1245 1245 1300; x_wconf 81' lang='grc' dir='ltr'><em>δεδομένοις.</em></span> <span class='ocrx_word' id='word_1_143' title='bbox 1299 1245 1455 1301; x_wconf 76' lang='grc' dir='ltr'><em>ἤρξατο</em></span> <span class='ocrx_word' id='word_1_144' title='bbox 1485 1241 1520 1295; x_wconf 66' lang='lat' dir='ltr'>ffl</span> 
     </span>
     <span class='ocr_line' id='line_1_22' title="bbox 211 1314 1520 1374; baseline -0.003 -14"><span class='ocrx_word' id='word_1_145' title='bbox 211 1318 293 1360; x_wconf 91' lang='grc' dir='ltr'><em>ἀπὸ</em></span> <span class='ocrx_word' id='word_1_146' title='bbox 319 1326 406 1360; x_wconf 87' lang='grc' dir='ltr'><em>τῶν</em></span> <span class='ocrx_word' id='word_1_147' title='bbox 431 1320 545 1374; x_wconf 76' lang='grc' dir='ltr'><em>λόγῳ</em></span> <span class='ocrx_word' id='word_1_148' title='bbox 571 1316 642 1358; x_wconf 85' lang='grc' dir='ltr'><em>καὶ</em></span> <span class='ocrx_word' id='word_1_149' title='bbox 660 1316 783 1358; x_wconf 85' lang='grc' dir='ltr'><em>θέσει</em></span> <span class='ocrx_word' id='word_1_150' title='bbox 809 1315 1068 1370; x_wconf 83' lang='grc' dir='ltr'><em>δεδομένων,</em></span> <span class='ocrx_word' id='word_1_151' title='bbox 1100 1314 1189 1357; x_wconf 82' lang='grc' dir='ltr'><em>ἐπεὶ</em></span> <span class='ocrx_word' id='word_1_152' title='bbox 1214 1314 1326 1356; x_wconf 88' lang='grc' dir='ltr'><em>καὶ’</em></span> <span class='ocrx_word' id='word_1_153' title='bbox 1304 1330 1350 1357; x_wconf 86' lang='grc' dir='ltr'><em>εκ</em></span> <span class='ocrx_word' id='word_1_154' title='bbox 1367 1315 1520 1363; x_wconf 60' lang='grc' dir='ltr'><em>τούτω,</em></span> 
     </span>
     <span class='ocr_line' id='line_1_23' title="bbox 210 1381 1520 1443; baseline -0.004 -13"><span class='ocrx_word' id='word_1_155' title='bbox 210 1391 463 1430; x_wconf 90' lang='grc' dir='ltr'><em>συνίσταται</em></span> <span class='ocrx_word' id='word_1_156' title='bbox 506 1388 557 1428; x_wconf 79' lang='grc' dir='ltr'><em>τὰ</em></span> <span class='ocrx_word' id='word_1_157' title='bbox 599 1392 658 1443; x_wconf 78' lang='grc' dir='ltr'><em>τῷ</em></span> <span class='ocrx_word' id='word_1_158' title='bbox 702 1387 805 1427; x_wconf 80' lang='grc' dir='ltr'><em>εἰδει</em></span> <span class='ocrx_word' id='word_1_159' title='bbox 849 1384 1069 1439; x_wconf 87' lang='grc' dir='ltr'><em>δεδομένα.</em></span> <span class='ocrx_word' id='word_1_160' title='bbox 1139 1383 1211 1426; x_wconf 79' lang='grc' dir='ltr'><em>καὶ</em></span> <span class='ocrx_word' id='word_1_161' title='bbox 1247 1385 1388 1434; x_wconf 78' lang='grc' dir='ltr'><em>ἄλλως</em></span> <span class='ocrx_word' id='word_1_162' title='bbox 1424 1381 1520 1439; x_wconf 53' lang='grc' dir='ltr'><em>δὲὴ</em></span> 
     </span>
     <span class='ocr_line' id='line_1_24' title="bbox 211 1449 1520 1513; baseline -0.002 -14"><span class='ocrx_word' id='word_1_163' title='bbox 211 1458 421 1512; x_wconf 85' lang='grc' dir='ltr'><em>διαίρεσις</em></span> <span class='ocrx_word' id='word_1_164' title='bbox 451 1457 567 1513; x_wconf 80' lang='grc' dir='ltr'><em>αὐτῷ</em></span> <span class='ocrx_word' id='word_1_165' title='bbox 597 1461 675 1497; x_wconf 91' lang='grc' dir='ltr'><em>τοῦ</em></span> <span class='ocrx_word' id='word_1_166' title='bbox 706 1457 879 1509; x_wconf 86' lang='grc' dir='ltr'><em>βιβλίου</em></span> <span class='ocrx_word' id='word_1_167' title='bbox 911 1453 1148 1508; x_wconf 88' lang='grc' dir='ltr'><em>γεγένηται,</em></span> <span class='ocrx_word' id='word_1_168' title='bbox 1179 1457 1241 1503; x_wconf 71' lang='grc' dir='ltr'><em>εἷς</em></span> <span class='ocrx_word' id='word_1_169' title='bbox 1270 1469 1315 1495; x_wconf 92' lang='grc' dir='ltr'><em>τε</em></span> <span class='ocrx_word' id='word_1_170' title='bbox 1345 1454 1397 1495; x_wconf 83' lang='grc' dir='ltr'><em>τὰ</em></span> <span class='ocrx_word' id='word_1_171' title='bbox 1426 1449 1520 1497; x_wconf 64' lang='grc' dir='ltr'><em>καθ’</em></span> 
     </span>
     <span class='ocr_line' id='line_1_25' title="bbox 212 1520 1520 1581; baseline -0.002 -13"><span class='ocrx_word' id='word_1_172' title='bbox 212 1527 315 1568; x_wconf 83' lang='grc' dir='ltr'><em>ὅλου</em></span> <span class='ocrx_word' id='word_1_173' title='bbox 347 1525 507 1581; x_wconf 89' lang='grc' dir='ltr'><em>μεγέθη</em></span> <span class='ocrx_word' id='word_1_174' title='bbox 539 1524 610 1567; x_wconf 82' lang='grc' dir='ltr'><em>καὶ</em></span> <span class='ocrx_word' id='word_1_175' title='bbox 639 1526 700 1574; x_wconf 80' lang='grc' dir='ltr'><em>εἰς</em></span> <span class='ocrx_word' id='word_1_176' title='bbox 730 1525 929 1580; x_wconf 80' lang='grc' dir='ltr'><em>γραμμὰς</em></span> <span class='ocrx_word' id='word_1_177' title='bbox 957 1522 1030 1565; x_wconf 84' lang='grc' dir='ltr'><em>καὶ</em></span> <span class='ocrx_word' id='word_1_178' title='bbox 1055 1523 1232 1565; x_wconf 75' lang='grc' dir='ltr'><em>ἐπίπεδα</em></span> <span class='ocrx_word' id='word_1_179' title='bbox 1261 1521 1333 1564; x_wconf 85' lang='grc' dir='ltr'><em>καὶ</em></span> <span class='ocrx_word' id='word_1_180' title='bbox 1357 1520 1520 1567; x_wconf 63' lang='grc' dir='ltr'><em>κυκλιπὲ</em></span> 
     </span>
     <span class='ocr_line' id='line_1_26' title="bbox 211 1590 1520 1651; baseline -0.003 -14"><span class='ocrx_word' id='word_1_181' title='bbox 211 1597 482 1651; x_wconf 88' lang='grc' dir='ltr'><em>θεωρήματα.</em></span> <span class='ocrx_word' id='word_1_182' title='bbox 543 1600 594 1649; x_wconf 75' lang='grc' dir='ltr'><em>τῇ</em></span> <span class='ocrx_word' id='word_1_183' title='bbox 627 1592 674 1635; x_wconf 77' lang='grc' dir='ltr'><em>δὲ</em></span> <span class='ocrx_word' id='word_1_184' title='bbox 704 1594 832 1649; x_wconf 77' lang='grc' dir='ltr'><em>ὁμοίᾳ</em></span> <span class='ocrx_word' id='word_1_185' title='bbox 862 1592 975 1643; x_wconf 81' lang='grc' dir='ltr'><em>τάξει</em></span> <span class='ocrx_word' id='word_1_186' title='bbox 1008 1592 1215 1647; x_wconf 82' lang='grc' dir='ltr'><em>ἐχρήσατο</em></span> <span class='ocrx_word' id='word_1_187' title='bbox 1245 1590 1317 1633; x_wconf 83' lang='grc' dir='ltr'><em>καὶ</em></span> <span class='ocrx_word' id='word_1_188' title='bbox 1349 1591 1417 1633; x_wconf 84' lang='grc' dir='ltr'><em>ἐπὶ</em></span> <span class='ocrx_word' id='word_1_189' title='bbox 1446 1592 1520 1638; x_wconf 68' lang='grc' dir='ltr'><em>τῶι</em></span> 
     </span>
     <span class='ocr_line' id='line_1_27' title="bbox 212 1658 1520 1720; baseline -0.004 -14"><span class='ocrx_word' id='word_1_190' title='bbox 212 1665 329 1720; x_wconf 82' lang='grc' dir='ltr'><em>ὅρων</em></span> <span class='ocrx_word' id='word_1_191' title='bbox 371 1665 466 1718; x_wconf 77' lang='grc' dir='ltr'><em>ἤτοι</em></span> <span class='ocrx_word' id='word_1_192' title='bbox 507 1662 762 1705; x_wconf 85' lang='grc' dir='ltr'><em>ὑποθέσεων</em></span> <span class='ocrx_word' id='word_1_193' title='bbox 803 1668 881 1703; x_wconf 86' lang='grc' dir='ltr'><em>τοῦ</em></span> <span class='ocrx_word' id='word_1_194' title='bbox 920 1664 1105 1716; x_wconf 86' lang='grc' dir='ltr'><em>βιβλίου</em></span> <span class='ocrx_word' id='word_1_195' title='bbox 1183 1663 1327 1717; x_wconf 85' lang='grc' dir='ltr'><em>τρόπω</em></span> <span class='ocrx_word' id='word_1_196' title='bbox 1372 1658 1420 1702; x_wconf 72' lang='grc' dir='ltr'><em>δὲ</em></span> <span class='ocrx_word' id='word_1_197' title='bbox 1459 1663 1520 1716; x_wconf 64' lang='grc' dir='ltr'><em>τῆς</em></span> 
     </span>
     <span class='ocr_line' id='line_1_28' title="bbox 212 1728 1520 1791; baseline -0.004 -16"><span class='ocrx_word' id='word_1_198' title='bbox 212 1735 494 1783; x_wconf 87' lang='grc' dir='ltr'><em>διδασκαλίας</em></span> <span class='ocrx_word' id='word_1_199' title='bbox 536 1733 588 1774; x_wconf 86' lang='grc' dir='ltr'><em>οὐ</em></span> <span class='ocrx_word' id='word_1_200' title='bbox 624 1738 683 1789; x_wconf 79' lang='grc' dir='ltr'><em>τῷ</em></span> <span class='ocrx_word' id='word_1_201' title='bbox 723 1732 830 1773; x_wconf 83' lang='grc' dir='ltr'><em>κατὰ</em></span> <span class='ocrx_word' id='word_1_202' title='bbox 867 1732 1078 1772; x_wconf 87' lang='grc' dir='ltr'><em>σύνθεσιν</em></span> <span class='ocrx_word' id='word_1_203' title='bbox 1121 1730 1314 1772; x_wconf 84' lang='grc' dir='ltr'><em>ἐνταῦθα</em></span> <span class='ocrx_word' id='word_1_204' title='bbox 1355 1728 1520 1791; x_wconf 71' lang='grc' dir='ltr'><em>ήκολοόι,</em></span> 
     </span>
     <span class='ocr_line' id='line_1_29' title="bbox 211 1798 1509 1857; baseline -0.004 -12"><span class='ocrx_word' id='word_1_205' title='bbox 211 1808 364 1857; x_wconf 88' lang='grc' dir='ltr'><em>θησεν,</em></span> <span class='ocrx_word' id='word_1_206' title='bbox 394 1803 503 1844; x_wconf 83' lang='grc' dir='ltr'><em>ἀλλὰ</em></span> <span class='ocrx_word' id='word_1_207' title='bbox 533 1817 592 1844; x_wconf 90' lang='grc' dir='ltr'><em>τω</em></span> <span class='ocrx_word' id='word_1_208' title='bbox 623 1802 731 1843; x_wconf 82' lang='grc' dir='ltr'><em>κατὰ</em></span> <span class='ocrx_word' id='word_1_209' title='bbox 762 1800 987 1853; x_wconf 77' lang='grc' dir='ltr'><em>ἀνάλυσιν,</em></span> <span class='ocrx_word' id='word_1_210' title='bbox 1021 1800 1079 1848; x_wconf 90' lang='grc' dir='ltr'><em>ως</em></span> <span class='ocrx_word' id='word_1_211' title='bbox 1109 1799 1132 1841; x_wconf 86' lang='grc' dir='ltr'>ὁ</span> <span class='ocrx_word' id='word_1_212' title='bbox 1164 1799 1348 1848; x_wconf 86' lang='grc' dir='ltr'><em>Πάππος</em></span> <span class='ocrx_word' id='word_1_213' title='bbox 1380 1798 1509 1841; x_wconf 72' lang='grc' dir='ltr'><em>ίκανῶ</em></span> 
     </span>
     <span class='ocr_line' id='line_1_30' title="bbox 213 1868 1351 1924; baseline -0.005 -9"><span class='ocrx_word' id='word_1_214' title='bbox 213 1871 433 1922; x_wconf 84' lang='grc' dir='ltr'><em>ἀπέδειξεν</em></span> <span class='ocrx_word' id='word_1_215' title='bbox 465 1871 512 1913; x_wconf 83' lang='grc' dir='ltr'><em>ἐν</em></span> <span class='ocrx_word' id='word_1_216' title='bbox 542 1878 632 1920; x_wconf 76' lang='grc' dir='ltr'><em>τοῖς</em></span> <span class='ocrx_word' id='word_1_217' title='bbox 663 1872 724 1919; x_wconf 84' lang='grc' dir='ltr'><em>εἰς</em></span> <span class='ocrx_word' id='word_1_218' title='bbox 753 1871 801 1911; x_wconf 93' lang='grc' dir='ltr'><em>τὸ</em></span> <span class='ocrx_word' id='word_1_219' title='bbox 832 1871 1005 1924; x_wconf 88' lang='grc' dir='ltr'><em>βιβλίον</em></span> <span class='ocrx_word' id='word_1_220' title='bbox 1034 1868 1351 1923; x_wconf 86' lang='grc' dir='ltr'><em>ὑπομνήμασιν.</em></span> 
     </span>
    </p>
   </div>
   <div class='ocr_carea' id='block_1_7' title="bbox 213 1955 491 1960">
    <p class='ocr_par' dir='ltr' id='par_1_7' title="bbox 213 1955 491 1960">
     <span class='ocr_line' id='line_1_31' title="bbox 213 1955 491 1960; baseline 0 0"><span class='ocrx_word' id='word_1_221' title='bbox 213 1955 491 1960; x_wconf 95' lang='lat' dir='ltr'><em> </em></span> 
     </span>
    </p>
   </div>
   <div class='ocr_carea' id='block_1_8' title="bbox 1480 1904 1520 2508">
    <p class='ocr_par' dir='ltr' id='par_1_8' title="bbox 1480 1904 1520 2508">
     <span class='ocr_line' id='line_1_32' title="bbox 1497 1904 1520 2043; baseline 0 0"><span class='ocrx_word' id='word_1_222' title='bbox 1497 1904 1520 2043; x_wconf 95' lang='lat' dir='ltr'><em>  </em></span> 
     </span>
     <span class='ocr_line' id='line_1_33' title="bbox 1480 2043 1520 2508; baseline 0 0"><span class='ocrx_word' id='word_1_223' title='bbox 1480 2043 1520 2508; x_wconf 95' lang='lat' dir='ltr'><em>  </em></span> 
     </span>
    </p>
   </div>
   <div class='ocr_carea' id='block_1_9' title="bbox 212 1993 1495 2134">
    <p class='ocr_par' dir='ltr' id='par_1_9' title="bbox 212 1993 1495 2134">
     <span class='ocr_line' id='line_1_34' title="bbox 307 1993 1495 2051; baseline -0.003 -20"><span class='ocrx_word' id='word_1_224' title='bbox 307 2001 360 2032; x_wconf 91' lang='grc'><em>14.</em></span> <span class='ocrx_word' id='word_1_225' title='bbox 386 1997 442 2043; x_wconf 87' lang='grc' dir='ltr'><em>τό]</em></span> <span class='ocrx_word' id='word_1_226' title='bbox 467 1997 506 2030; x_wconf 82' lang='lat' dir='ltr'><em>in</em></span> <span class='ocrx_word' id='word_1_227' title='bbox 531 2007 600 2030; x_wconf 81' lang='lat' dir='ltr'><strong>ras.</strong></span> <span class='ocrx_word' id='word_1_228' title='bbox 627 2007 666 2039; x_wconf 84' lang='lat' dir='ltr'><em>v;</em></span> <span class='ocrx_word' id='word_1_229' title='bbox 692 2008 755 2030; x_wconf 89' lang='grc' dir='ltr'><em>τωι</em></span> <span class='ocrx_word' id='word_1_230' title='bbox 779 1995 817 2029; x_wconf 93' lang='grc' dir='ltr'><em>Ρ.</em></span> <span class='ocrx_word' id='word_1_231' title='bbox 905 1998 957 2028; x_wconf 89' lang='grc'><em>15</em></span> <span class='ocrx_word' id='word_1_232' title='bbox 985 1994 1151 2051; x_wconf 73' lang='grc' dir='ltr'><em>μερικῶς]</em></span> <span class='ocrx_word' id='word_1_233' title='bbox 1177 2005 1334 2037; x_wconf 79' lang='grc' dir='ltr'><em>μερικων</em></span> <span class='ocrx_word' id='word_1_234' title='bbox 1358 1993 1396 2027; x_wconf 95' lang='grc' dir='ltr'><em>Ρ.</em></span> <span class='ocrx_word' id='word_1_235' title='bbox 1476 1994 1495 2027; x_wconf 86' lang='lat'><strong>1</strong></span> 
     </span>
     <span class='ocr_line' id='line_1_35' title="bbox 212 2037 1480 2100; baseline -0.006 -21"><span class='ocrx_word' id='word_1_236' title='bbox 212 2042 418 2089; x_wconf 76' lang='grc' dir='ltr'><em>γεγένηται]</em></span> <span class='ocrx_word' id='word_1_237' title='bbox 444 2042 594 2100; x_wconf 78' lang='grc' dir='ltr'><em>γέγονεν</em></span> <span class='ocrx_word' id='word_1_238' title='bbox 619 2042 703 2077; x_wconf 70' lang='lat' dir='ltr'><strong>vat.</strong></span> <span class='ocrx_word' id='word_1_239' title='bbox 799 2044 854 2075; x_wconf 79' lang='lat'><em>20.</em></span> <span class='ocrx_word' id='word_1_240' title='bbox 881 2038 1035 2085; x_wconf 79' lang='grc' dir='ltr'><em>μεγέθη]</em></span> <span class='ocrx_word' id='word_1_241' title='bbox 1061 2042 1209 2084; x_wconf 80' lang='grc' dir='ltr'><em>μεγεθει</em></span> <span class='ocrx_word' id='word_1_242' title='bbox 1234 2039 1318 2074; x_wconf 75' lang='lat' dir='ltr'><strong>vat.</strong></span> <span class='ocrx_word' id='word_1_243' title='bbox 1326 2051 1365 2082; x_wconf 87' lang='lat' dir='ltr'><em>v;</em></span> <span class='ocrx_word' id='word_1_244' title='bbox 1390 2038 1429 2073; x_wconf 88' lang='lat' dir='ltr'><em>in</em></span> <span class='ocrx_word' id='word_1_245' title='bbox 1446 2037 1480 2073; x_wconf 91' lang='lat' dir='ltr'>V</span> 
     </span>
     <span class='ocr_line' id='line_1_36' title="bbox 213 2087 872 2134; baseline -0.005 -10"><span class='ocrx_word' id='word_1_246' title='bbox 213 2102 301 2125; x_wconf 84' lang='lat' dir='ltr'>corr.</span> <span class='ocrx_word' id='word_1_247' title='bbox 328 2102 373 2125; x_wconf 91' lang='lat' dir='ltr'><em>m.</em></span> <span class='ocrx_word' id='word_1_248' title='bbox 402 2094 431 2125; x_wconf 82' lang='lat'><em>2.</em></span> <span class='ocrx_word' id='word_1_249' title='bbox 528 2087 591 2124; x_wconf 78' lang='grc' dir='ltr'><em>καί</em></span> <span class='ocrx_word' id='word_1_250' title='bbox 611 2088 718 2134; x_wconf 77' lang='lat' dir='ltr'>(alt.)]</span> <span class='ocrx_word' id='word_1_251' title='bbox 745 2098 813 2122; x_wconf 91' lang='lat' dir='ltr'><em>om</em></span> <span class='ocrx_word' id='word_1_252' title='bbox 839 2099 872 2121; x_wconf 83' lang='lat' dir='ltr'><em>v.</em></span> 
     </span>
    </p>
   </div>
  </div>
 </body>
</html>
