1520 2508
118 841 161 872 10

120 1188 162 1218 15

119 1533 162 1564 20

118 1880 162 1911 25

188 118 272 159 252
402 121 571 154 MARINI
595 121 884 154 PHILOSOPHI
909 121 1282 156 COMMENTARIUS
1483 94 1489 119 ’Ἰ

187 211 433 266 δεδομένον.
483 212 506 254 ὁ
538 210 586 254 δὲ
616 214 664 254 τὸ
695 214 916 269 γνώριμον
948 215 1034 268 ἅμα
1060 213 1133 256 καὶ
1157 213 1414 270 τεταγμένον
1437 216 1507 261 διᾶ

186 282 235 323 τὸ
265 281 553 336 ὑπερβάλλειν
583 282 632 323 τὸ
663 284 948 337 προκείμενον
980 283 1059 338 οὐχ
1089 283 1215 338 ὑγιὴς
1243 287 1378 327 ἔσται·
1409 283 1508 336 οὐδὲ

188 350 270 404 γὰρ
301 356 389 391 πᾶν
419 351 467 391 τὸ
492 356 664 392 τοιοῦτο
690 350 925 406 δεδομένον
951 351 1078 394 ἐστίν.
1127 355 1253 407 μόνοι
1281 355 1334 408 δὴ
1359 356 1508 399 λοιπὸν

188 419 368 460 δοκοῦσι
409 423 718 462 καθικνεῖσθαι
759 426 835 474 τῆς
877 420 1047 470 ἐννοίας
1082 427 1160 463 τοῦ
1197 422 1433 477 δεδομένου
1469 424 1512 468 οἰ

187 489 409 543 γνώριμον
445 489 531 543 ἅμα
566 488 640 530 καὶ
669 491 857 545 πόριμον
887 491 992 532 αὐτὸ
1025 487 1137 532 εἶναι
1168 491 1507 547 ἀποφηνάμενοι·

186 559 235 599 τὸ
266 559 348 611 γὰρ
379 564 551 599 τοιοῦτο
582 564 669 600 πᾶν
699 561 970 613 καταληπτὸν
1000 558 1072 601 καὶ
1102 562 1256 614 μόνον·
1299 567 1433 603 ταῦτα
1463 553 1509 613 0}

187 626 408 683 ἀμφότερα
439 628 509 669 δεῖ
529 627 741 683 ὑπάρχειν
771 636 862 678 τοῖς
893 629 1230 683 ἑπιστημονικῶς
1254 629 1509 686 ἀποδεδομέ-

186 711 280 745 νοις
310 697 517 752 ὁρισμοῖς.
579 697 708 750 ἐγγὺς
738 695 786 739 δὲ
816 699 984 740 τούτων
1015 698 1125 741 εἰσὶν
1162 701 1208 740 οἱ
1235 699 1510 750 συντιθέντες

186 764 258 807 καὶ
296 766 449 815 οὕτως·
487 765 723 821 δεδομένον
754 766 890 821 ἐστίν,
926 766 949 808 ὃ
985 769 1252 822 πορίσασθαι
1285 769 1509 823 δυνάμεθα

187 835 260 876 διὰ
289 842 377 876 τῶν
406 835 615 890 κειμένων
645 835 749 890 ἡμῖν
780 836 827 878 έν
857 843 950 886 ταῖς
979 838 1170 892 πρώταις
1199 837 1440 880 ὑποθέσεσί
1465 852 1510 885 τε

187 902 259 945 καὶ
307 903 470 959 ἀρχαῖς.
548 912 636 946 τῶν
685 903 733 946 δὲ
780 905 1104 961 προειρημένων
1153 910 1218 961 εἴη
1267 906 1322 949 ἂν
1369 905 1441 949 καὶ
1485 906 1510 953 ὁ

186 972 427 1027 Εὐκλείδης
456 980 678 1028 πανταχοῦ
709 980 769 1031 τῷ
800 976 1068 1030 πορίσασθαι
1099 976 1336 1031 χρώμενος,
1374 977 1414 1017 εί
1440 972 1511 1029 xa}

186 1043 505 1098 παραλιμπάνει
530 1044 579 1085 τὸ
604 1044 826 1099 γνώριμον
852 1044 910 1093 ὡς
927 1046 1225 1099 παρεπόμενον
1245 1051 1303 1102 τῷ
1323 1035 1509 1102 πορίμφὲ

187 1112 427 1154 αἰτιάσαιτο
465 1111 505 1153 δ’
543 1114 597 1154 ἄν
633 1128 700 1162 τις
734 1113 868 1155 αὐτὸν
905 1113 1093 1166 εὐλόγως
1131 1114 1190 1163 ὡς
1220 1114 1272 1156 οὐ
1302 1116 1512 1170 πρότερον

187 1189 344 1231 κοινῶς
386 1183 434 1223 τὸ
478 1181 714 1236 δεδομένον
756 1182 1035 1238 ὁρισάμενον,
1085 1181 1179 1225 ἀλλ’
1219 1182 1385 1238 ἀμέσως
1425 1190 1513 1226 τῶν

187 1251 318 1292 εἰδῶν
349 1251 484 1292 αὐτοῦ
516 1250 714 1306 ἕκαστον,
752 1254 893 1293 καίτοι
931 1251 977 1293 ἐν
1013 1258 1064 1307 τῇ
1100 1260 1362 1308 γεωμετρικῇ
1399 1263 1511 1294 avon·-

187 1320 354 1373 χειώσει
397 1322 597 1374 φαίνεται
642 1322 726 1376 πρὸ
770 1328 858 1363 τῶν
899 1322 1028 1363 εἰδῶν
1076 1327 1152 1375 τῆς
1194 1328 1391 1377 γραμμῆς
1432 1323 1514 1393 τὴν

188 1388 334 1438 ἁπλῶς
363 1391 566 1445 γραμμὴν
596 1389 853 1445 ὁρισάμενος
883 1389 954 1431 καὶ
985 1391 1037 1431 τὰ
1068 1391 1177 1431 ἄλλα
1208 1390 1376 1444 ὁμοίως.

275 1458 579 1514 διακριθέντος
613 1460 766 1500 τοίνυν
802 1461 1051 1513 κοινότερον
1086 1458 1158 1500 καὶ
1196 1459 1254 1508 ὡς
1290 1461 1398 1515 πρὸς
1433 1461 1512 1515 τὴν

187 1532 414 1583 παροῦσαν
444 1530 593 1583 χρείαν
623 1533 701 1569 τοῦ
732 1527 968 1582 δεδομένου
995 1527 1146 1583 ἑφεξῆς
1170 1527 1225 1570 ὀὲν
1249 1533 1314 1582 εἴη
1338 1529 1386 1571 τὸ
1411 1530 1515 1587 χρή-ξ

186 1606 316 1650 σιμον
352 1602 428 1650 τῆς
461 1595 560 1651 περὶ
597 1596 732 1638 αὐτοῦ
770 1599 1062 1651 πραγματείας
1098 1597 1350 1639 ἀποδοῦναι.
1423 1600 1512 1640 ἔστι

187 1665 241 1719 δὴ
272 1663 344 1706 καὶ
375 1671 503 1707 τοῦτο
539 1672 626 1706 τῶν
658 1666 767 1720 πρὸς
798 1667 902 1707 ἄλλο
935 1666 1124 1720 ε’χόντων
1154 1668 1234 1720 τὴν
1265 1667 1509 1723 ἀναφοράν·

187 1735 295 1789 πρὸς
325 1734 407 1788 γὰρ
438 1735 515 1776 τὸν
547 1734 845 1789 ἀναλυόμενον
877 1736 1110 1789 λεγόμενον
1140 1737 1275 1777 τόπον
1307 1736 1510 1790 ἀναγκαι-

188 1803 317 1857 οτάτη
355 1802 472 1845 ἐστὶν
508 1802 534 1856 ἡ
571 1803 729 1844 τούτου
760 1810 931 1856 γνῶσις.
993 1804 1099 1857 ὅσην
1130 1802 1178 1845 δὲ
1209 1806 1293 1858 ἔχει
1324 1806 1512 1860 δύναμιν

189 1873 236 1915 ἐν
271 1880 365 1922 ταῖς
400 1877 720 1927 μαθηματικαῖς
765 1871 1015 1927 ἐπιστήμαις
1055 1871 1127 1914 καὶ
1164 1881 1258 1923 ταῖς
1293 1874 1513 1928 συγγενῶς

189 1942 388 1997 ἐχούσαις
418 1942 595 1996 ὀπτικῆς
624 1957 669 1983 τε
699 1940 772 1983 καὶ
802 1948 1034 1996 κανονικῆς
1064 1942 1086 1984 ὁ
1119 1942 1412 1997 ἀναλυόμενος
1442 1945 1512 1986 τό·

187 2026 286 2066 πος,
329 2011 377 2054 έν
412 2012 558 2060 ἄλλοις
595 2011 839 2067 διώρισται,
881 2010 953 2053 καὶ
995 2011 1060 2053 ὅτι
1104 2011 1358 2062 ἀποδείξεώς
1395 2012 1510 2055 ἐστιν

282 2163 312 2194 3.
341 2158 414 2194 ἐστί
438 2160 558 2194 PVat.
569 2171 599 2194 v.
720 2163 751 2194 4.
784 2160 957 2194 δοκοῦσιν
982 2158 1101 2193 PVat.
1221 2162 1251 2194 8
1282 2158 1388 2206 εἰσίν]
1415 2160 1510 2197 ἐστιν

188 2205 271 2239 Vat.
358 2209 389 2240 9
417 2204 528 2252 ἐστίν]
555 2204 627 2240 ἐστί
651 2206 734 2240 Vat.
816 2209 868 2241 10.
895 2203 1116 2240 ὑποθέσεσιν
1141 2204 1224 2240 Vat.
1308 2210 1359 2241 11.
1386 2206 1448 2241 καὶ
1473 2205 1513 2253 ὁ]

190 2262 258 2286 om.
273 2251 356 2286 Vat.
455 2256 508 2287 13.
535 2250 824 2310 παραλιμπάνει]
851 2251 996 2296 scripsi;
1028 2250 1284 2295 περιλιμπάνει
1309 2252 1383 2297 Pv,
1409 2264 1510 2296 περι-

189 2296 380 2341 λειμπάνει
405 2298 488 2333 Vat.
586 2302 639 2333 18.
667 2297 896 2343 ὁρισάμενος]
923 2297 1120 2341 ὁρκόμενος
1144 2297 1211 2332 Pv.
