1520 2508
198 109 283 151 218
737 0 1520 148 APPEND1X.‡

1503 146 1511 171 η

199 204 382 245 δοθεῖσα
424 204 508 259 ἄρα
550 203 621 246 καὶ
664 204 690 258 ἡ
727 208 788 247 M.
849 208 940 248 ἔστι
982 205 1029 249 δε
1065 207 1137 250 καὶ
1172 209 1198 263 ἡ
1236 212 1277 250 A
1318 181 1520 273 δοθεῖσαξξ

198 274 326 325 λόγος
357 274 440 327 ἄρα
470 279 545 327 τῆς
575 277 616 315 A
651 275 760 330 πρὸς
789 276 868 330 τὴν
899 279 957 318 Μ
985 277 1146 327 δοθείς.
1205 277 1278 320 καὶ
1309 278 1398 321 ἐπεὶ
1430 281 1520 344 ἰσοῒ

197 342 361 395 γώνιόν
391 342 480 384 ἐστι
511 344 559 384 τὸ
590 348 632 385 A
662 350 721 401 τῷ
753 348 804 398 Β,
838 346 885 387 τὸ
916 350 959 387 Α
989 347 1072 402 ἄρα
1102 348 1210 403 πρὸς
1240 348 1288 389 τὸ
1319 351 1357 389 Β
1387 347 1520 408 λόγοή

197 412 283 464 ἔχει
318 412 396 453 τὸν
433 415 714 467 συγκείμενον
751 413 797 455 ἐκ
831 422 920 456 τῶν
955 419 1173 471 πλευρῶν,
1216 416 1439 460 τουτέστιν
1475 415 1520 479 ἐξ

152 485 172 516 5
198 477 251 522 οὗ
282 480 334 522 ὃν
365 482 448 534 ἔχει
473 483 606 535 λόγον
630 483 656 536 ἡ
683 485 763 524 ΓΛ
791 484 900 539 πρὸς
923 485 1003 539 τὴν
1026 488 1122 539 ΕΖ,
1152 484 1224 527 καὶ
1248 487 1274 540 ἡ
1303 490 1389 528 ΘΓ
1411 487 1520 543 aph&

196 550 276 603 τὴν
305 552 408 591 ΗΕ.
470 550 578 592 ἀλλὰ
608 553 695 606 μὴν
724 551 796 593 καὶ
826 553 852 607 ἡ
883 555 930 594 Κ
954 555 1062 610 πρὸς
1091 555 1171 608 τὴν
1201 558 1242 596 Λ
1272 558 1404 609 λόγον
1433 550 1520 617 ἔχεις

195 619 274 660 τὸν
304 622 588 675 συγκείμενον
619 621 665 663 ἑκ
695 627 773 663 τοῦ
804 622 855 664 ὃν
886 624 971 677 ἔχει
1000 624 1027 677 ἡ
1053 626 1098 664 Κ
1123 625 1232 680 πρὸς
1261 626 1340 680 τὴν
1365 629 1423 667 Μ
1445 618 1520 670 καὶξ

196 688 222 742 ἡ
258 691 317 729 Μ
344 690 453 745 πρὸς
488 691 568 745 τὴν
598 694 656 732 Λ·
700 691 723 733 ὁ
760 693 843 747 ἄρα
879 695 1158 778 συγκείμενος
1193 696 1320 748 λόγος
1357 694 1403 737 ἐκ
1438 700 1520 739 τοῦ

196 756 248 799 ὃν
279 759 363 812 ἔχει
394 758 420 812 ἡ
453 762 533 801 ΓΔ
561 761 671 815 πρὸς
699 762 779 815 τὴν
802 764 885 802 ΕΖ
915 761 988 803 καὶ
1017 762 1044 816 ἡ
1077 765 1165 804 ΘΓ
1186 764 1295 819 πρὸς
1324 765 1403 818 τὴν
1427 767 1520 816 HE

127 831 172 863 10
196 827 219 869 ὁ
250 828 380 877 αὐτός
410 827 499 870 ἐστι
530 836 589 886 τῷ
620 830 884 887 συγκειμένῳ
922 830 964 881 ἐξ
1003 829 1055 874 οὗ
1087 831 1138 873 ὃν
1168 834 1252 886 ἔχει
1283 833 1309 887 ἡ
1341 835 1386 874 Κ
1410 822 1520 889 πρὸς

195 897 274 950 τὴν
305 900 363 938 Μ
385 896 458 939 καὶ
488 898 514 952 ἡ
539 902 597 940 Μ
619 900 728 955 πρὸς
756 901 836 954 τὴν
861 903 920 954 A,
953 898 1016 943 ὧν
1039 901 1062 943 ὁ
1093 907 1169 956 τῆς
1194 904 1272 943 ΓΔ
1301 903 1410 957 πρὸς
1438 904 1520 958 τὴν

194 969 277 1007 ΕΖ
309 968 437 1020 λόγος
466 967 489 1009 ὁ
521 968 652 1017 αὐτός
681 969 772 1011 ἐστι
801 976 860 1026 τῷ
892 976 968 1024 τῆς
992 972 1037 1011 Κ
1062 971 1171 1026 πρὸς
1199 972 1279 1025 τὴν
1303 974 1358 1013 Μ
1385 973 1520 1029 λόγῳ·’

195 1036 344 1085 λοιπὸς
380 1037 464 1092 ἄρα
500 1036 523 1079 ὁ
560 1043 635 1091 τῆς
669 1041 755 1079 ΘΓ
788 1040 896 1094 πρὸς
931 1040 1011 1094 τὴν
1041 1042 1134 1081 ΗΕ
1173 1042 1301 1093 λόγος
1333 1041 1356 1082 ὁ
1387 1039 1520 1091 αὐτόςξ

194 1104 285 1147 ἐστι
315 1111 374 1162 τῷ
405 1111 481 1160 τῆς
511 1109 569 1148 Μ
597 1108 706 1162 πρὸς
736 1109 815 1162 τὴν
847 1111 898 1150 Λ.
958 1114 1034 1163 τῆς
1064 1107 1112 1151 δε
1142 1112 1200 1151 Μ
1228 1110 1337 1164 πρὸς
1366 1111 1445 1164 τὴν
1476 1110 1520 1152 A

81 1204 85 1207 ψ
126 1178 168 1209 15
194 1175 323 1227 λόγος
353 1175 519 1224 δοθεις·
562 1178 690 1230 λόγος
720 1177 804 1233 ἄρα
839 1176 911 1219 καὶ
941 1183 1017 1232 τῆς
1050 1180 1137 1220 ΘΓ
1166 1180 1273 1234 πρὸς
1308 1179 1388 1233 τὴν
1423 1181 1520 1222 ΕΗ

195 1244 355 1293 δοθείς.

824 1317 890 1358 17.

649 1385 716 1427 Ad
745 1400 863 1440 prop.
895 1385 1065 1427 LXXX.

749 1465 951 1516 ’Ἁλλωςκ

124 1548 168 1580 20
265 1543 407 1587 ’Ἑστω
445 1548 661 1600 τρίγωνον
696 1548 744 1589 τὸ
775 1550 914 1589 ΑΒΓ
949 1547 1186 1602 δεδομένην
1222 1549 1322 1602 ἔχον
1351 1550 1517 1602 γωνίαν

192 1615 272 1668 τὴν
302 1615 410 1670 πρὸς
439 1622 498 1672 τῷ
524 1620 579 1670 A,
610 1618 738 1670 λόγος
768 1615 816 1658 δὲ
846 1619 953 1659 ἔστω
984 1623 1062 1659 τοῦ
1093 1617 1177 1659 ὑπὸ
1202 1624 1289 1659 τῶν
1314 1620 1408 1669 BA,
1429 1617 1520 1659 ΑΓ

191 1684 300 1739 πρὸς
335 1685 383 1725 τὸ
419 1683 502 1726 ἀπὸ
540 1691 615 1738 τῆς
647 1687 726 1726 ΓΒ
762 1686 930 1734 δοθείς·
979 1685 1109 1741 λέγω,
1152 1687 1217 1728 ὅτι
1254 1686 1427 1728 δέδοται
1463 1687 1512 1728 τὸ

163 1787 167 1789 .
192 1755 331 1795 ΑΒΓ
352 1755 567 1809 τρίγωνον
597 1760 656 1811 τῷ
688 1755 804 1796 εἴδει.

280 1821 370 1865 ἐπεὶ
405 1823 487 1878 γὰρ
525 1823 707 1865 δοθεῖσα
743 1823 861 1865 ἐστιν
897 1824 924 1878 ἡ
959 1823 1044 1866 ὑπὸ
1078 1831 1165 1866 τῶν
1196 1827 1327 1867 ΒΑΓ
1362 1827 1515 1879 γωνία,

122 1895 166 1927 25
191 1887 227 1949 ᾦ
270 1893 354 1948 ἄρα
389 1894 532 1947 μεῖζόν
569 1892 659 1934 ἐστι
694 1893 742 1934 τὸ
779 1892 862 1935 ἀπὸ
905 1892 1238 1948 συναμφοτέρου
1278 1900 1354 1948 τῆς
1389 1894 1520 1936 ΒΑΓ

189 1967 268 2003 τοῦ
305 1960 387 2003 ἀπὸ
426 1964 524 2016 ΒΓ,
569 1961 706 2004 έκεῖνο
745 1963 794 2004 τὸ
830 1964 991 2018 χωρίον
1027 1963 1136 2017 πρὸς
1171 1963 1218 2004 τὸ
1257 1965 1388 2005 ΒΑΓ
1422 1965 1513 2018 τρί-

190 2046 334 2084 γωνον
377 2033 509 2084 λόγον
551 2033 635 2085 ἔχει
678 2030 924 2086 δεδομένον.
994 2027 1027 2088 ᾧ
1064 2032 1119 2086 δή
1156 2031 1245 2074 ἐστι
1281 2034 1425 2087 μεῖζον
1461 2033 1511 2075 τὸ

286 2160 315 2190 1.
344 2155 439 2191 ἔστιν
464 2168 496 2191 v
599 2159 630 2191 2.
657 2157 704 2202 Δ]
732 2159 793 2192 ΓΛ
818 2156 852 2191 b.
935 2154 1047 2216 fuel]
1074 2167 1142 2192 om.
1168 2157 1204 2192 b.
1309 2160 1341 2191 3.
1366 2160 1395 2191 A
1414 2156 1511 2203 (pr)]

190 2212 259 2237 om.
286 2202 388 2245 Vah&
413 2203 453 2238 τὸ
479 2202 552 2246 ἄρα
576 2206 605 2237 A
630 2214 676 2238 m
703 2207 734 2238 2.
848 2206 879 2238 4.
905 2208 977 2238 τῶν
1001 2204 1180 2250 πλευρῶν]
1205 2208 1269 2248 τῆς
1292 2205 1450 2247 πλευρᾶς
1473 2202 1520 2238 b.·

236 2251 267 2283 5.
295 2245 353 2295 οὗ]
380 2248 423 2284 ὃν
447 2249 482 2294 b,
515 2260 624 2294 supra
649 2260 738 2285 corr.
763 2261 810 2283 m.
838 2252 867 2283 1.
967 2249 1008 2284 λό
1011 2250 1092 2296 γον]
1118 2261 1187 2284 om.
1212 2261 1246 2284 v.
1353 2253 1384 2284 6.
1413 2248 1510 2295 HE]

191 2296 270 2329 ΕΗ
284 2294 368 2330 vat.
377 2296 441 2330 vb.
509 2294 744 2341 συγκείμενον
766 2294 838 2341 ἔχει
852 2295 961 2340 λόγον
981 2298 1063 2340 (om.
1079 2295 1155 2341 τόν)
1175 2296 1209 2331 b.
1279 2298 1309 2330 7.
1328 2295 1351 2340 ἡ
1372 2298 1462 2330 K—
