1520 2508
684 111 822 145 DATA.
1352 107 1436 149 149

87 207 210 249 datus
248 209 324 248 est.
401 220 532 261 quare
576 206 708 248 etiam
753 205 947 261 reliquus
985 210 1012 256 L
1038 208 1166 248 BAA
1208 205 1334 246 datus
1372 207 1439 246 est

87 278 138 334 [Ι,
156 278 229 334 323
254 291 403 333 propp.
423 275 501 331 III,
521 275 613 332 IV]
663 277 811 331 itaque
836 287 883 332 Δ
903 279 1038 319 ΑΒΔ
1063 277 1189 319 datus
1210 278 1277 318 est
1296 274 1438 331 speeie

89 349 223 405 [prop.
250 347 356 403 XL]
423 347 535 390 ratio
572 347 710 404 igitur
746 350 859 389 BA:
881 351 968 389 AA
1005 348 1107 389 data
1145 350 1211 389 est
1251 346 1351 402 [def.
1379 345 1438 402 3].

85 434 234 462 uerum
259 418 371 460 ratio
398 420 486 459 AB
508 433 516 459 :
536 419 627 459 ΒΓ
651 417 754 459 data
782 420 849 459 est
876 417 984 473 [ib.].
1035 432 1140 474 ergo
1167 417 1301 460 etiam
1325 417 1438 459 ratio

85 493 170 532 AA
189 505 198 531 ε
218 491 308 531 ΒΓ
331 489 433 530 data
463 491 530 530 est
564 487 702 543 [prop.
728 487 869 544 VIII]

651 605 868 649 LXXVII.

174 677 220 721 Si
240 679 347 721 duae
360 678 524 734 figurae
541 677 682 732 specie
697 678 822 720 datae
837 678 950 720 inter
970 692 1015 720 se
1045 677 1261 720 rationem
1273 677 1438 719 habent

87 750 249 806 datam,
292 749 424 792 etiam
462 763 597 791 unum
629 749 853 803 quodlibet
887 750 1003 791 latus
1040 749 1168 791 unius
1200 749 1439 804 figurarum

86 821 139 864 ad
169 820 392 876 quodlibet
422 819 536 861 latus
569 818 747 861 alterius
778 820 993 862 rationem
1023 819 1206 862 habebit
1232 819 1391 862 datam.
1406 818 1438 875 ¹)

173 906 274 934 nam
306 892 413 933 duae
444 891 610 947 figurae
642 892 790 946 ΑΒΓ,
813 894 949 933 ΔΕΖ
988 891 1130 947 speeie
1163 891 1288 933 datae
1324 890 1440 933 inter

88 978 131 1006 se
162 963 375 1005 rationem
406 961 596 1004 habeant
629 962 784 1004 datam.
836 962 945 1017 dieo,
976 962 1109 1004 etiam
1141 977 1275 1004 unum
1307 961 1440 1018 quod-

806 1033 915 1075 libet
954 1033 1071 1075 latus
1103 1033 1269 1089 figurae
1303 1034 1444 1076 ΑΒΓ

247 1087 306 1182 AN
807 1104 861 1145 ad
892 1119 1026 1146 unum
1059 1103 1286 1159 quodlibet
1317 1104 1435 1146 latus

211 1140 261 1214 s
306 1183 359 1262 Χ
590 1151 623 1217 sq
806 1175 974 1231 figurae
1023 1178 1165 1217 AEZ
1222 1174 1439 1217 rationem

91 1292 136 1325 K
154 1226 204 1300 ss
360 1264 427 1327 NA
543 1248 571 1291 ss
806 1245 972 1287 habere
1005 1245 1163 1287 datam.

513 1292 543 1375 is
666 1287 748 1409 ἿΞ
882 1319 1193 1358 construantur
1237 1316 1352 1358 enim
1391 1316 1439 1358 in

513 1380 516 1460 Ι
810 1388 909 1441 ΒΓ,
941 1390 1029 1429 ΕΖ
1080 1387 1291 1443 quadrata
1333 1389 1440 1443 ΒΗ,

514 1461 517 1520 ξ
808 1459 897 1499 ΕΘ
924 1456 974 1513 [Ι,
999 1457 1089 1513 46].
1154 1458 1361 1513 quoniam
1391 1457 1439 1500 in

95 1525 431 1568 B'÷———1P
514 1525 517 1574 ἱ
810 1528 958 1570 eadem
1014 1531 1134 1571 recta
1182 1530 1280 1571 ΒΓ
1333 1529 1443 1570 duae

710 1590 735 1620 2
809 1599 988 1653 quaeuis
1006 1600 1172 1655 figurae
1194 1599 1436 1654 descriptae

388 1713 391 1721 ‚
809 1673 913 1711 sunt
954 1670 1096 1725 speeie
1135 1671 1261 1712 datae
1293 1671 1439 1725 ΑΒΓ,

99 1712 436 1798 ML——IH
515 1734 739 1799 L—J&
808 1743 922 1797 ΒΗ,
971 1741 1084 1783 ratio
1135 1742 1317 1783 ABF:
1343 1743 1446 1782 ΒΗ

809 1811 917 1854 data
956 1812 1039 1854 erit
1081 1812 1225 1867 [prop.
1263 1810 1440 1866 XLIXJ.

88 1880 176 1922 iam
213 1881 359 1922 eadem
398 1881 448 1923 de
493 1896 623 1923 causa
659 1896 808 1924 rursus
851 1882 984 1924 etiam
1021 1882 1134 1924 ratio
1171 1884 1444 1924 ΔΕΖεΕΘ

90 1951 191 1992 data
222 1954 297 1993 est.
363 1951 451 1994 iam
484 1952 689 2007 quoniam
720 1953 833 1994 ratio
867 1955 1029 1995 ABI':
1049 1956 1185 1994 ΔΕΖ
1223 1953 1326 1995 data
1363 1955 1442 2008 est,

89 2020 201 2063 ratio
234 2025 377 2064 autem
407 2025 494 2064 AB
505 2025 568 2065 Γ;
588 2025 626 2064 Β
637 2026 689 2064 Η
717 2023 820 2065 data
851 2025 918 2066 est
951 2026 994 2065 et
1025 2023 1138 2066 ratio
1169 2027 1304 2066 AEZ
1324 2039 1333 2066 :
1353 2026 1442 2066 ΕΘ

91 2091 208 2146 data,
258 2091 387 2134 etiam
428 2094 542 2135 ratio
582 2096 682 2135 ΒΗ
695 2110 703 2135 :
725 2097 812 2136 ΕΘ
863 2094 964 2136 data
1007 2094 1090 2136 erit
1135 2094 1273 2150 [prop.
1300 2093 1441 2149 VIII}

89 2161 236 2217 itaque
268 2162 399 2205 etiam
429 2165 540 2207 ratio
573 2167 684 2207 BF:
705 2168 790 2207 EZ
822 2165 922 2207 data
953 2168 1019 2207 est
1052 2165 1190 2220 [prop.
1216 2164 1345 2220 LIV]

185 2254 227 2289 In
252 2255 338 2300 figg.
366 2255 470 2291 codd.
496 2256 652 2292 PVat.v
676 2269 743 2302 pro
772 2260 811 2293 H
834 2259 891 2292 est
921 2259 968 2293 N.

185 2340 218 2383 1)
245 2349 278 2373 u.
304 2348 407 2383 prop.
434 2338 525 2375 LIV.
