1520 2508
96 791 143 822 10

98 1195 142 1227 15

91 1556 143 1587 20

170 62 224 104 16
695 64 961 97 AEAOMENA.
1507 0 1520 120 1

1510 125 1520 146 ν)

167 160 300 211 λόγον
331 156 458 212 ἐχέτω
490 156 743 211 δεδομένον,
780 156 908 211 ἐχέτω
945 154 993 199 δὲ
1023 157 1075 199 τὰ
1106 157 1215 199 αὐτὰ
1245 156 1406 212 μεγέθη
1436 157 1487 203 τὰ
1510 144 1520 218 Ι

167 231 229 281 Α,
253 230 311 281 Β,
338 228 380 268 Γ
410 227 519 282 πρὸς
549 228 657 268 ἄλλα
687 227 785 268 τινὰ
814 226 974 281 μεγέθη
1010 227 1064 268 τὰ
1098 230 1154 281 A,
1178 230 1235 281 E,
1262 229 1297 269 Z
1334 229 1488 282 λόγους
1516 224 1520 234 ’

167 295 449 350 δεδομένους,
491 297 548 350 μὴ
590 297 693 345 τοὺς
734 295 894 346 αὐτοὺς
935 295 1002 338 δέ·
1052 294 1179 351 λέγω,
1221 296 1286 338 ὅτι
1328 296 1400 338 καὶ
1437 297 1486 340 τὰ

167 369 223 419 A,
248 368 299 419 E,
328 368 376 418 Z,
408 365 570 420 μεγέθη
601 366 711 420 πρὸς
740 366 903 420 ἄλληλα
933 367 1064 419 λόγον
1093 364 1175 416 ἕξει
1206 365 1451 420 δεδομένον.
1513 377 1520 424 J

256 433 345 476 ἐπεὶ
377 435 458 490 γὰρ
491 437 618 488 λόγος
649 433 738 477 ἐστὶ
767 441 845 476 τοῦ
869 439 911 476 Α
940 436 1049 490 πρὸς
1078 436 1126 477 τὸ
1154 423 1191 476 Β
1223 436 1382 490 δοθείς,
1411 441 1486 478 τοῦ
1514 440 1520 478 i

169 502 218 546 δε
248 508 290 546 Α
326 505 435 560 πρὸς
464 506 513 546 τὸ
543 508 586 546 A
622 506 749 558 λόγος
785 503 874 546 ἐστὶ
910 505 1077 559 δοθείς,
1119 503 1191 546 καὶ
1220 510 1299 546 τοῦ
1328 508 1371 546 A
1406 506 1516 560 ἄρα

167 574 277 629 πρὸς
306 574 355 615 τὸ
385 577 422 615 Β
448 576 576 627 λόγος
606 573 695 616 ἐστὶ
726 575 885 624 δοθείς.
933 574 1041 616 ἀλλὰ
1071 579 1149 615 τοῦ
1174 577 1211 615 Β
1241 575 1350 629 πρὸς
1378 575 1426 616 τὸ
1450 571 1518 617 Ε

167 645 297 696 λόγος
326 642 416 685 ἐστὶ
448 644 612 694 δοθείς
655 642 727 685 καὶ
763 649 840 685 τοῦ
865 647 908 685 A
944 645 1027 698 ἄρα
1062 644 1171 696 πρὸς
1205 644 1254 686 τὸ
1284 646 1325 685 Ε
1364 645 1517 697 λόγος

169 712 258 754 ἐστὶ
289 713 449 762 δοθείς.
503 713 646 768 πάλιν,
677 712 766 755 ἐπεὶ
796 715 923 766 λόγος
953 712 1043 755 ἐστὶ
1067 719 1145 754 τοῦ
1175 715 1212 754 Β
1242 714 1351 767 πρὸς
1379 713 1428 754 τὸ
1454 713 1497 755 Γ

169 783 338 837 δοθείς,
375 788 453 824 τοῦ
491 774 605 824 δὲλΒ
643 783 751 838 πρὸς
780 784 829 825 τὸ
859 786 900 825 Ε
934 785 1062 836 λόγος
1091 782 1180 825 ἐστὶ
1217 783 1383 836 δοθείς,
1419 780 1488 824 καὶ

167 857 247 893 τοῦ
278 855 319 893 Ε
353 853 437 908 ἄρα
467 853 576 907 πρὸς
605 853 654 894 τὸ
686 854 728 894 Γ
759 854 887 905 λόγος
922 851 1013 894 ἐστὶ
1049 853 1207 902 δοθείς.
1267 858 1345 894 τοῦ
1377 849 1425 894 δὲ
1456 853 1520 903 F¹

166 923 276 976 πρὸς
311 922 359 963 τὸ
399 925 434 963 Ζ
471 923 599 975 λόγος
635 920 723 963 ἐστὶ
761 922 924 971 δοθεί·ς
967 920 1039 963 καὶ
1075 928 1153 963 τοῦ
1190 925 1230 963 Ε
1263 923 1347 977 ἄρα
1383 922 1495 977 πρὸς.

167 991 216 1032 τὸ
245 994 280 1032 Ζ
311 993 441 1044 λόγος
470 990 559 1032 ἐστὶ
590 992 756 1041 δοθείς·
787 992 839 1032 τὰ
863 995 918 1045 A,
943 995 994 1045 E,
1022 995 1056 1033 Z
1088 992 1171 1047 ἄρα
1194 992 1302 1047 πρὸς
1327 992 1503 1045 &moyam

168 1062 302 1114 λόγον
332 1062 417 1115 ἔχει
448 1059 694 1114 δεδομένον.
1501 1086 1503 1089 .

809 1204 823 1229 ι
845 1222 852 1229 .

253 1269 353 1312 Ἐὰν
378 1269 562 1324 μέγεθος
585 1269 798 1324 μεγέθους
822 1269 998 1311 δοθέντι
1022 1272 1165 1324 μεῖζον
1188 1266 1215 1326 ᾖ
1240 1269 1266 1324 ἢ
1292 1269 1338 1311 ἐν
1362 1271 1505 1326 adm„

168 1339 240 1382 καὶ
270 1341 319 1381 τὸ
351 1341 681 1394 συναμφότερον
711 1345 789 1380 τοῦ
820 1339 955 1381 αὐτοῦ
986 1338 1164 1381 δοθέντι
1199 1341 1342 1394 μεῖζον
1373 1326 1507 1395 ἔσταιξῖ,

168 1408 195 1463 ἢ
228 1409 276 1451 ἐν
310 1410 442 1466 λόγῳ·
484 1407 557 1450 καὶ
596 1408 671 1450 ἐὰν
701 1409 749 1450 τὸ
781 1410 1112 1464 συναμφότερον
1141 1414 1220 1450 τοῦ
1251 1409 1386 1451 αὐτοῦ
1418 1409 1509 1450 δο-’.

167 1477 294 1521 θέντι
324 1480 468 1533 μεῖζον
498 1474 525 1535 ᾗ
556 1477 582 1531 ἢ
617 1477 663 1520 ἐν
694 1480 828 1534 λόγῳ,
864 1476 935 1519 καὶ
971 1478 1020 1520 τὸ
1057 1479 1211 1520 λοιπὸν
1246 1484 1325 1520 τοῦ
1355 1478 1490 1520 αὐτοῦ

170 1549 267 1603 ἤτοι
303 1547 483 1590 δοθέντι
519 1549 663 1602 μεῖζόν
701 1547 818 1589 ἐστιν
854 1546 880 1601 ἢ
917 1546 965 1589 ἐν
1001 1549 1134 1604 λόγῳ,
1177 1547 1203 1601 ἢ
1246 1549 1293 1589 τὸ
1336 1548 1491 1590 λοιπὸν

167 1619 272 1673 μετὰ
296 1623 374 1659 τοῦ
401 1616 508 1674 ἑξῆς,
538 1618 647 1673 πρὸς
676 1616 699 1658 ὃ
730 1618 778 1659 τὸ
804 1616 952 1671 ἕτερον
976 1619 1108 1670 λόγον
1132 1619 1216 1671 ἔχει
1242 1616 1489 1672 δεδομένον,

168 1686 305 1730 δοθέν
335 1686 463 1729 ἐστιν.

256 1755 440 1812 μέγεθος
481 1757 563 1812 γὰρ
606 1757 655 1798 τὸ
694 1759 780 1797 ΑΒ
823 1755 1037 1811 μεγέθους
1072 1760 1151 1797 τοῦ
1187 1757 1276 1797 ΒΓ
1311 1754 1489 1797 δοθέντι

162 1829 312 1925 μεῖζον
337 1828 444 1869 ἔστω
469 1825 496 1880 ἢ
522 1825 569 1868 ἐν
593 1828 725 1883 λόγῳ·
756 1824 880 1879 λέγω,
905 1826 971 1867 ὅτι
994 1823 1066 1867 καὶ
1090 1826 1138 1867 τὸ
1157 1826 1490 1881 συναμφότερον

263 1979 295 2012 5.
327 1974 424 2011 ἐστίν
448 1975 523 2021 Pv,
555 1977 592 2010 et
617 1974 669 2010 sic
693 1975 721 2009 P
750 1985 816 2020 per
838 1976 957 2010 totam
979 1985 1081 2031 prop
1194 1973 1290 2008 ἐστὶν
1316 1974 1335 2010 ὁ
1359 1979 1423 2009 τοῦ
1455 1985 1488 2010 a.

216 2027 280 2056 τοῦ
299 2021 377 2066 (alt
380 2022 407 2068 )]
433 2033 522 2057 corr.
549 2033 592 2056 ex
616 2021 656 2056 τό
682 2034 728 2056 m.
750 2025 767 2055 1
794 2032 827 2056 a.
947 2019 1071 2057 ,ἀλλά
1092 2041 1132 2046 -
1153 2024 1184 2055 9.
1211 2018 1353 2073 δοθεὶς]
1380 2031 1489 2065 supra

163 2068 253 2102 add.
274 2080 320 2102 m.
342 2072 362 2102 3
388 2080 421 2103 v.
500 2072 529 2103 7.
555 2067 647 2103 ἀλλὰ
671 2066 735 2103 καί
759 2079 792 2103 a.
863 2068 943 2114 τοῦ]
970 2067 989 2103 ὁ
1008 2073 1072 2102 τοῦ
1098 2078 1132 2111 a,
1156 2067 1246 2102 item
1268 2066 1330 2102 lin.
1351 2070 1383 2102 8.
1456 2070 1487 2102 8.

162 2114 275 2159 λόγος
299 2113 372 2149 ἐστί
391 2114 468 2159 (alt.
472 2116 499 2161 )]
524 2114 598 2150 ἐστι
622 2114 726 2160 λόγος
756 2126 788 2149 v.
891 2117 921 2149 9.
949 2112 1022 2148 ἐστι’
1040 2113 1117 2157 (alt.
1120 2114 1148 2159 )]
1180 2111 1275 2148 ἐστίν
1300 2125 1333 2148 v.
1434 2118 1488 2148 11.
1516 2130 1520 2131 ⁷

166 2161 259 2207 ἄρα]
285 2172 354 2196 om.
380 2172 412 2196 a.
499 2162 548 2207 Γ]
578 2164 605 2196 Ζ
629 2172 661 2195 a.
742 2165 794 2196 12.
822 2159 916 2196 ἐστίν
941 2171 979 2203 v;
1005 2159 1095 2196 item
1118 2172 1152 2205 p.
1180 2163 1234 2204 18,
1260 2163 1290 2195 5.
1371 2164 1424 2195 16.
1450 2155 1472 2207 ᾖ

164 2218 240 2242 om
266 2208 299 2253 β
421 2211 474 2242 17.
508 2207 672 2243 ἔσται-
702 2211 754 2242 19.
780 2207 916 2254 μεῖζον]
946 2189 1003 2241 b⁷is
1035 2208 1057 2252 β
1089 2207 1175 2250 (non
1199 2209 1244 2251 a).
1365 2210 1418 2241 19.
1450 2220 1472 2253 ῃ
1505 2220 1517 2253 3

163 2264 239 2289 om.
266 2255 305 2299 β,
339 2253 437 2289 ἔσται
462 2265 493 2289 a.
