1520 2508
166 114 221 156 38
404 112 405 115 ’
690 108 955 164 ΔΕΔοΜΕΝΑ.
1012 104 1015 106 ’

797 271 822 297 κ
841 288 850 296 .

246 346 346 388 Ἐὰν
380 344 406 403 ᾗ
444 348 524 389 δύο
560 347 720 402 μεγέθη
762 347 987 403 δεδομένα,
1029 348 1099 390 καὶ
1142 348 1360 405 ἀφαιρεθῇ
1401 349 1472 392 ἀπ’

163 416 307 469 αὐτῶν
342 418 502 471 μεγέθη
539 419 646 473 πρὸς
681 419 843 471 ἄλληλα
878 420 1010 471 λόγον
1045 420 1196 472 ἔχοντα
1232 418 1477 475 δεδομένον,

162 486 214 526 τὰ
250 486 379 527 λοιπὰ
412 487 519 541 πρὸς
555 488 717 541 ἄλληλα
753 488 847 541 ἤτοι
883 489 1014 541 λόγον
1050 486 1132 538 ἕξει
1163 487 1414 543 δεδομένον,
1447 489 1474 545 ἢ

116 563 137 593 ὅ
162 555 210 596 τὸ
241 554 388 610 ἕτερον
418 561 496 597 τοῦ
527 554 673 611 ἑτέρου
705 555 882 598 δοθέντι
911 559 1054 611 μεῖζόν
1079 557 1195 599 ἐστιν
1225 556 1250 611 ἢ
1280 557 1326 599 ἐν
1350 560 1475 616 λόγῳ.

249 626 355 667 ἔστω
393 625 473 666 δύο
509 624 670 680 μεγέθη
701 625 909 680 δεδομένα
938 627 990 667 τὰ
1021 629 1125 680 ΑΒ,
1152 628 1248 680 ΓΔ,
1291 626 1362 668 καὶ
1393 627 1473 670 ἀπὸ

161 701 248 735 τῶν
285 697 388 748 ΑΒ,
414 696 493 736 ΓΔ
529 695 771 750 ἀφῃρήσθω
808 695 968 750 μεγέθη
1005 697 1057 737 τὰ
1094 699 1198 750 ΑΕ,
1226 698 1305 738 ΓΖ
1345 699 1474 750 λόγον

161 764 313 817 ἔχοντα
341 764 450 818 πρὸς
479 764 642 818 ἄλληλα
672 764 921 819 δεδομένον·
953 764 1076 819 λέγω,
1107 765 1171 806 ὅτι
1202 767 1254 807 τὰ
1278 768 1373 819 ΕΒ,
1399 769 1478 808 ΖΔ

159 833 267 887 πρὸς
302 833 464 886 ἄλληλα
500 833 594 887 ἤτοι
628 836 759 887 λόγον
789 836 873 889 ἔχει
905 833 1156 889 δεδομένον,
1193 834 1218 888 ἢ
1250 836 1297 877 τὸ
1328 834 1474 891 ἕτερον

92 910 136 941 10
160 907 237 943 τοῦ
269 900 415 957 ἑτέρου
447 902 623 945 δοθέντι
654 905 796 958 μεῖζόν
827 903 944 946 ε’στιν
975 903 1000 958 ἢ
1032 903 1079 945 ἐν
1109 906 1234 961 λόγῳ.

247 970 336 1013 ἐπεὶ
363 973 445 1027 γὰρ
471 970 606 1013 δοθέν
631 971 748 1014 ἐστιν
779 971 979 1027 ἑκάτερον
1003 980 1090 1015 τῶν
1114 975 1207 1027 ΛΒ,
1228 975 1319 1027 ΓΔ,
1351 975 1478 1027 λόγος

159 1042 243 1095 ἄρα
272 1046 349 1082 τοῦ
380 1044 465 1082 ΑΒ
497 1042 605 1096 πρὸς
635 1043 714 1083 ΓΛ
744 1042 903 1092 δοθείς.

246 1109 319 1152 καὶ
354 1112 394 1152 εἰ
427 1108 506 1165 μὲν
547 1110 570 1152 ὁ
607 1110 737 1160 αὐτός
773 1110 861 1152 ἐστι
903 1117 962 1168 τῷ
998 1116 1075 1152 τοῦ
1112 1114 1200 1152 ΑΕ
1238 1113 1347 1166 πρὸς
1383 1114 1476 1168 ΓΖ,

161 1181 279 1221 ἔσται
312 1179 384 1222 καὶ
419 1183 573 1222 λοιποῦ
604 1186 682 1221 τοῦ
713 1183 794 1221 ΕΒ
830 1181 938 1235 πρὸς
968 1181 1120 1222 λοιπὸν
1150 1182 1198 1222 τὸ
1231 1184 1310 1222 ΖΛ
1346 1183 1473 1235 λόγος

91 1256 134 1288 15
160 1249 320 1299 δοθείς.

246 1320 304 1373 μὴ
341 1320 447 1361 ἔστω
485 1320 537 1374 δὴ
575 1319 598 1362 ὁ
635 1319 782 1373 αὐτός,
823 1318 895 1360 καὶ
930 1320 1181 1373 πεποιήσθω
1219 1319 1277 1368 ὡς
1309 1321 1357 1362 τὸ
1388 1323 1476 1362 ΕΑ

159 1389 267 1443 πρὸς
291 1390 385 1442 ΓΖ,
415 1388 553 1438 οὕτως
582 1389 630 1430 τὸ
656 1391 755 1430 ΑΗ
778 1390 886 1444 πρὸς
912 1390 1000 1430 ΓΔ.
1053 1390 1179 1441 λόγος
1210 1386 1257 1430 δὲ
1287 1395 1365 1431 τοῦ
1390 1392 1479 1431 ΛΕ

154 1458 268 1513 ’πρὸς
304 1458 584 1508 ΓΖδοθείς·
627 1460 754 1511 λόγος
789 1459 872 1514 ἄρα
908 1457 979 1500 καὶ
1015 1464 1092 1499 τοῦ
1124 1461 1223 1499 ΑΗ
1251 1459 1360 1513 πρὸς
1397 1460 1478 1500 ΓΔ

161 1527 340 1578 δοθειζχ
394 1525 529 1569 δοθὲν
564 1525 612 1570 δὲ
648 1528 695 1569 τὸ
734 1529 829 1569 ΓΔ·
872 1525 1007 1570 δοθὲν
1048 1529 1131 1583 ἄρα
1172 1526 1242 1569 καὶ
1285 1528 1332 1569 τὸ
1369 1529 1475 1569 ΛΗ.

89 1605 137 1636 20
162 1598 250 1639 ἔστι
286 1594 334 1638 δὲ
369 1596 441 1638 καὶ
476 1598 524 1638 τὸ
562 1600 646 1638 ΑΒ
690 1596 840 1639 δοθέν·
882 1595 954 1639 καὶ
990 1598 1143 1638 λοιπὸν
1185 1598 1267 1653 ἄρα
1303 1598 1351 1638 τὸ
1387 1599 1477 1639 ΗΒ

161 1665 297 1708 δοθέν
333 1665 461 1708 ἐστιν.
532 1665 604 1708 καὶ
646 1666 740 1708 ἐπεί
777 1666 894 1708 ἐστιν
935 1666 994 1715 ὡς
1034 1667 1082 1708 τὸ
1120 1669 1209 1708 ΑΕ
1240 1667 1348 1722 πρὸς
1386 1667 1477 1719 ΓΖ,

161 1736 300 1786 οὕτως
328 1737 376 1778 τὸ
403 1738 502 1777 ΑΗ
524 1736 632 1791 πρὸς
661 1736 709 1777 τὸ
743 1737 833 1789 ΓΔ,
863 1734 934 1776 καὶ
964 1739 1118 1777 λοιποῦ
1148 1741 1226 1777 τοῦ
1251 1738 1344 1776 ΗΕ
1371 1736 1479 1790 πρὸς
1506 1755 1510 1760 ·

161 1807 315 1847 λοιπὸν
345 1807 393 1847 τὸ
426 1808 510 1847 ΖΔ
546 1807 673 1858 λόγος
709 1803 799 1846 ἐστὶ
835 1805 1000 1854 δοθείς·
1043 1802 1178 1846 δοθὲν
1215 1802 1262 1846 δὲ
1292 1806 1340 1846 τὸ
1371 1806 1477 1845 HB·

162 1876 209 1917 τὸ
252 1878 339 1917 ΕΒ
388 1876 469 1930 ἄρα
517 1880 595 1916 τοῦ
641 1877 724 1916 ΖΔ
772 1872 949 1916 δοθέντι
997 1875 1139 1928 μεῖζόν
1187 1874 1305 1916 ἐστιν
1352 1873 1378 1927 ἢ
1429 1873 1477 1915 ἐν
1511 1889 1514 1894 ·

91 1953 137 1984 25
163 1946 288 2001 λόγῳ.

256 2119 287 2150 4.
321 2115 392 2161 ἔχει
416 2117 448 2162 β.
562 2120 593 2151 6.
624 2114 684 2161 τά]
710 2126 798 2150 corr.
824 2125 868 2149 ex
892 2113 931 2149 τό
956 2125 1002 2150 m.
1029 2117 1049 2147 2
1074 2114 1158 2148 Vah.
1273 2118 1325 2149 11.
1358 2111 1478 2149 δοθέν

163 2162 274 2208 ἐστιν]
299 2164 383 2207 post
411 2165 473 2197 ΓΔ
497 2174 530 2197 v.
616 2166 669 2196 12.
695 2162 735 2196 τὸ
763 2163 825 2196 ΓΔ
849 2171 882 2196 a.
956 2158 1083 2200 δοθείς
1109 2159 1180 2195 ἐστι
1206 2171 1237 2195 a.
1323 2163 1376 2195 13.
1402 2159 1480 2195 ἐστι

162 2212 212 2255 τῷ
235 2213 299 2244 τοῦ
341 2209 438 2255 αὐτῷ
461 2208 502 2243 τό
527 2220 559 2243 a.
659 2208 699 2243 τὸ
730 2210 793 2242 ΓΖ
818 2218 850 2241 a.
958 2211 1011 2241 15.
1044 2206 1115 2241 ἐστὶ
1142 2205 1270 2246 δοθείς
1294 2217 1325 2241 a.
1424 2209 1478 2240 16.

163 2257 234 2289 ΑΕ
257 2267 305 2299 πρ
330 2268 348 2295 ς
370 2255 412 2289 τὸ
440 2257 506 2289 ΓΖ
530 2266 562 2289 a.
683 2257 736 2288 17.
767 2253 807 2288 τὸ
835 2255 897 2288 ΓΔ
922 2263 953 2287 a.
1074 2256 1127 2287 18.
1152 2253 1192 2288 τὸ
1220 2255 1286 2287 ΓΖ
1310 2263 1343 2288 a.
1435 2251 1479 2286 τὸ

166 2303 230 2336 ΓΔ
255 2312 286 2336 a.
381 2301 438 2336 ΞΟ.
466 2301 559 2336 ἔστιν
584 2313 616 2335 v.
713 2304 767 2334 21.
793 2298 856 2334 καί
883 2320 923 2326 —-
950 2302 1004 2334 22.
1034 2300 1110 2345 ΓΔ]
1137 2310 1205 2334 om.
1232 2310 1264 2334 a..
