1520 2508
143 66 199 108 14
669 68 935 103 AEAomNA.

141 162 303 211 δθθδίς·
363 159 499 203 δοθὲν
542 159 590 203 δὲ
625 154 677 204 tf)¹
707 164 810 204 AB·
852 159 988 204 δοθὲν
1029 163 1113 217 ἄρα
1154 162 1226 204 καὶ
1261 161 1425 220 ἑκάτερ
1500 172 1520 195 ’ἱ

123 238 228 275 ,τῶν
258 233 357 284 ΑΓ,
383 233 474 272 ΓΒ.
696 246 700 250 -
1364 234 1372 239 -
1471 239 1478 242 .

775 305 801 343 η
822 322 830 330 .

234 371 295 411 Τὰ
325 371 434 425 πρὸς
463 370 511 411 τὸ
537 370 641 412 αὐτὸ
668 372 799 424 λόγον
824 372 975 424 ἔχοντα
999 370 1235 425 δεδομένον
1259 370 1331 412 καὶ
1353 371 1481 427 πρὸςᾷ

91 451 113 482 5
139 441 303 493 ἄλληλα
332 442 465 493 λόγον
494 438 578 490 ἔξει
608 438 852 494 δεδομένον.
1479 494 1482 495 ⁷
1513 431 1516 443 ⁵

227 508 353 563 ἐχέτω
390 509 473 565 γὰρ
511 507 711 564 ἑκάτερον
747 516 835 550 τῶν
871 513 925 562 A,
958 511 1000 550 Γ
1033 510 1142 564 πρὸς
1176 510 1225 550 τὸ
1255 512 1293 550 Β
1330 511 1481 562 λόγον·

137 578 391 633 δεδομένον·
429 577 553 633 λέγω,
583 578 650 620 ὅτι
679 577 751 620 καὶ
782 579 829 620 τὸ
860 582 902 619 A
931 579 1039 633 πρὸς
1069 580 1118 620 τὸ
1150 580 1192 619 Γ
1215 580 1347 631 λόγον
1378 577 1460 629 ἕξει
1515 582 1520 605 ³

137 647 383 703 δεδομένον.
1470 637 1474 642 ’

224 720 330 760 ἔστω
363 719 444 773 γὰρ
476 717 710 773 δεδομένον
740 716 924 772 μέγεθος
948 718 995 759 τὸ
1019 721 1074 758 A.
1121 715 1193 758 καὶ
1218 715 1307 759 ἐπεὶ
1331 714 1520 770 Myos-[52

67 799 113 831 10
138 786 228 829 ἐστὶ
252 793 330 829 τοῦ
349 792 391 829 A
414 788 523 843 πρὸς
547 788 594 829 τὸ
614 790 651 828 Β
677 788 838 841 δοθείς,
863 787 885 829 6
912 787 1042 836 αὐτὸς
1065 786 1182 843 αὐτῷ
1205 775 1485 839 πεποιήσθω”
1506 770 1520 829 5}

137 857 160 900 6
192 863 271 899 τοῦ
299 861 343 899 A
372 858 488 913 πρὸς.
510 858 558 899 τὸ
589 860 638 898 Ε.
694 854 829 898 δοθὲν
860 853 907 898 δὲ
937 857 985 898 τὸ
1015 859 1075 897 A·
1107 854 1242 898 δοθὲν
1273 857 1356 911 ἄρα
1386 854 1458 898 καὶ

135 927 184 969 τὸ
209 930 260 968 Ε.
307 927 453 980 πάλιν,
484 925 574 968 ἐπεὶ
598 928 725 980 λόγος
750 925 839 968 ἐστὶ
862 931 940 967 τοῦ
959 928 996 966 Β
1027 926 1134 981 πρὸς
1158 926 1205 967 τὸ
1229 927 1271 967 Γ
1295 923 1517 981 δοθείς,

134 996 157 1039 6
189 997 320 1046 αὐτὸς
350 996 466 1053 αὐτῷ
496 996 749 1049 πεποιήσθω
780 995 804 1037 6
834 1001 911 1037 τοῦ
942 998 983 1036 Ε
1009 996 1117 1050 πρὸς
1146 996 1194 1036 τὸ
1228 997 1275 1036 Ζ.
1321 990 1483 1037 δοθὲν
1512 998 1519 1036 ἰ

136 1063 184 1108 δὲ
226 1067 275 1108 τὸ
311 1069 365 1108 Ε·
416 1063 552 1107 δοθὲν
588 1066 671 1120 ἄρα
706 1063 778 1106 καὶ
821 1066 868 1106 τὸ
907 1067 954 1105 Ζ.
1015 1066 1104 1106 ἔστι
1141 1061 1188 1106 δὲ
1223 1063 1295 1106 καὶ
1330 1066 1378 1106 τὸ
1414 1068 1515 1106 A

66 1147 109 1178 15
135 1135 288 1180 δοθένῖ
321 1137 449 1190 λόγος
478 1136 562 1190 ἄρα
592 1139 670 1176 τοῦ
700 1138 743 1175 A
773 1135 881 1189 πρὸς
911 1135 958 1175 τὸ
992 1136 1026 1174 Ζ
1059 1132 1147 1175 ἐστι
1178 1134 1337 1183 δοθείς.
1385 1132 1458 1175 καὶ
1514 1128 1517 1135 Ἄ

60 1201 63 1204 ’
134 1205 228 1248 ἐπεί
256 1205 373 1247 ἐστιν
405 1205 462 1254 ὡς
491 1202 571 1259 μὲν
601 1205 649 1246 τὸ
674 1207 716 1245 A
745 1204 854 1258 πρὸς
883 1204 931 1245 τὸ
956 1206 1006 1258 Β,
1036 1202 1174 1252 οὕτως
1203 1203 1250 1244 τὸ
1275 1206 1319 1244 A
1347 1203 1457 1258 πρὸς
1486 1224 1488 1229 ·

135 1277 183 1318 τὸ
209 1279 261 1329 Ε,
292 1275 350 1324 ὡς
381 1272 429 1316 δὲ
459 1275 507 1316 τὸ
533 1277 570 1316 Β
601 1274 709 1328 πρὸς
739 1274 786 1314 τὸ
813 1275 862 1327 Γ,
893 1273 1030 1322 οὕτως
1060 1273 1107 1314 τὸ
1132 1275 1174 1314 Ε
1199 1273 1308 1327 πρὸς
1331 1273 1378 1314 τὸ
1405 1275 1457 1327 Ζ,

134 1346 279 1388 διΐσου
317 1346 402 1400 ἄρα
437 1342 555 1386 ἐστὶν,
591 1343 649 1393 ὡς
684 1344 732 1385 τὸ
763 1346 805 1384 A
845 1343 954 1398 πρὸς
988 1343 1036 1384 τὸ
1071 1343 1120 1396 Γ,
1162 1342 1300 1391 οὕτως
1333 1342 1382 1383 τὸ
1411 1345 1455 1384 A

131 1416 241 1471 πρὸς
270 1416 319 1456 τὸ
346 1417 393 1455 Ζ.
443 1415 570 1467 λόγος
601 1410 647 1454 δὲ
677 1418 756 1454 τοῦ
780 1416 824 1454 A
852 1413 961 1466 πρὸς
990 1412 1038 1453 τὸ
1066 1414 1101 1452 Ζ
1131 1411 1295 1460 δοθείς·
1328 1413 1456 1464 λόγος

62 1496 108 1527 20
132 1486 217 1542 ἄρα
246 1483 318 1526 καὶ
349 1489 427 1525 τοῦ
458 1487 499 1524 A
529 1483 637 1537 πρὸς
666 1483 714 1523 τὸ
747 1484 789 1523 Γ
813 1482 973 1530 δοθείς.
1505 1476 1512 1494 ‘³

764 1608 827 1651 θ’.

215 1692 316 1736 Ἐὰν
346 1693 427 1734 δύο
459 1692 484 1746 ἢ
510 1694 690 1734 πλείονα
714 1689 875 1746 μεγέθη
905 1691 1013 1745 πρὸς
1036 1690 1198 1742 ἄλληλα
1223 1691 1354 1742 λόγον
1379 1691 1452 1744 ἔχῃ
1480 1686 1520 1746 ᾗῇ,

131 1762 386 1819 δεδομένον,
429 1764 502 1818 ἔχῃ
545 1759 593 1803 δὲ
635 1762 687 1803 τὰ
728 1760 838 1802 αὐτὰ
873 1758 1033 1814 μεγέθη
1068 1759 1177 1814 πρὸς
1211 1759 1319 1800 ἄλλοι
1355 1759 1453 1800 τινὰ

131 1833 294 1889 μεγέθη
337 1834 494 1886 λόγους
536 1829 816 1885 δεδομένους,
858 1830 898 1871 εἰ
936 1827 1008 1870 καὶ
1049 1829 1107 1883 μὴ
1143 1829 1245 1877 τοὺς
1278 1827 1452 1882 αὐτούς,
1480 1827 1517 1887 ’ῗθ

24 1944 27 1948 ,
59 1913 104 1945 25
130 1902 306 1961 κᾴκεῖνα
330 1902 382 1944 τὰ
406 1900 567 1957 μεγέθη
591 1901 701 1956 πρὸς
723 1901 886 1953 ἄλληλα
905 1900 1061 1951 λόγους
1079 1897 1161 1948 ἕξει
1180 1895 1452 1951 δεδομένους.
1504 1881 1516 1898 ³

218 1974 299 2014 δύο
325 1973 406 2027 γὰρ
432 1971 458 2025 ἢ
483 1973 661 2013 πλείονα
684 1968 847 2024 μεγέθη
871 1969 924 2010 τὰ
948 1971 1003 2022 A,
1022 1970 1073 2021 B,
1093 1969 1134 2008 Γ
1156 1968 1265 2022 πρὸς
1288 1967 1452 2020 ἄλληλα
1479 2002 1515 2036 ‘i

227 2125 257 2156 1.
289 2119 368 2167 καί]
395 2131 464 2155 om.
491 2130 524 2156 a.
621 2123 651 2154 5.
685 2118 758 2164 ἔχει
781 2118 816 2164 β.
912 2120 942 2151 9.
977 2115 1078 2161 ἔστω]
1104 2113 1240 2150 κείσθω
1265 2125 1298 2150 a.
1395 2118 1448 2150 12.
1481 2146 1485 2159 1,,
1503 2119 1520 2159 ’ᾖ

129 2166 226 2203 ἐστίν
247 2178 279 2202 a.
368 2167 418 2212 Γ]
446 2169 509 2201 ΓΔ
528 2177 560 2200 a.
647 2168 700 2200 13.
725 2164 815 2199 Post
842 2165 869 2198 Z
894 2162 976 2198 add.
1003 2160 1131 2202 ὃοθείς
1154 2162 1223 2206 Pv,
1247 2161 1352 2206 λόγος
1376 2160 1450 2204 ἄρα
1502 2164 1519 2202 ἐξ,

128 2215 192 2250 καὶ
218 2214 238 2249 ὁ
262 2218 328 2248 τοῦ
354 2215 387 2248 Ε
417 2213 508 2256 πρὸς
531 2212 572 2247 τὸ
601 2214 629 2247 Ζ
657 2209 784 2251 δοθείς
814 2221 846 2246 a.
961 2212 1015 2243 14.
1049 2208 1142 2243 ἔστιν
1167 2207 1236 2243 Pv.
1349 2210 1402 2242 15.
1429 2205 1475 2242 δ.
1502 2206 1519 2258 r}-

127 2266 192 2296 τοῦ
219 2272 252 2295 a.
367 2258 463 2294 ἐστίν
487 2259 556 2294 Pv.
672 2262 726 2293 16.
758 2257 798 2292 τὸ
822 2261 850 2291 Α
881 2255 972 2299 πρὸς
995 2255 1035 2290 τὸ
1062 2256 1105 2301 Β]
1135 2254 1220 2290 add.
1244 2265 1291 2289 m.
1318 2257 1338 2288 2
1363 2253 1453 2288 Vat„
1482 2262 1518 2303 3·-

1502 2305 1507 2321 f
