1520 2508
646 105 786 139 DATA.
1311 96 1398 139 159

45 201 407 259 perpendicularis
446 203 552 242 HK.
623 214 755 255 quare
787 202 888 241 HK
927 197 1144 254 positione
1188 197 1289 239 data
1332 199 1399 238 est

48 273 190 330 [prop.
210 272 394 327 ΧΧΙΧ].
445 275 488 313 et
507 272 585 312 fiat
611 273 723 313 BF:
743 274 835 313 AE
853 291 907 304 =
931 272 1050 312 ZH:
1070 271 1171 311 HK
1196 266 1289 324 [VI,
1310 267 1397 323 12].

46 358 195 387 uerum
236 343 350 385 ratio
395 344 506 384 BF:
527 345 619 384 AE
659 342 761 383 data
805 344 883 384 est.
952 355 1083 396 quare
1120 339 1253 382 etiam
1284 338 1398 381 ratio

49 417 143 458 ZH
155 430 165 456 ε
184 416 284 456 ΗΚ
317 414 418 456 data
449 416 515 455 est
548 413 647 468 [def.
675 413 734 468 2].
797 413 871 454 sed
903 412 1004 454 data
1035 414 1102 454 est
1135 412 1236 453 ZH.
1299 410 1400 452 data

47 486 182 543 igitur
217 485 346 527 etiam
378 487 479 526 HK
513 483 651 541 [prop.
682 482 756 541 11}
825 498 976 525 uerum
1014 482 1145 525 etiam
1182 481 1400 537 positione

49 557 148 600 data
184 559 261 598 6813.
328 559 372 597 613
409 555 558 597 datum
596 558 662 597 6813
702 557 759 596 H.
828 555 976 596 datum
1012 554 1150 610 igitur
1188 553 1320 595 etiam
1362 554 1406 593 K

52 629 186 683 [prop.
211 625 408 682 XXVH].
479 627 660 668 ducatur
696 640 773 680 per
804 628 851 667 K
884 628 1026 667 rectae
1061 626 1157 666 ZH
1193 623 1402 679 parallela

48 701 137 741 ΚΘ
157 697 206 755 [Ι,
219 697 307 753 31].
334 697 550 752 positione
570 697 707 753 igitur
721 697 822 738 data
836 699 903 738 est
920 698 1010 738 ΘΚ
1028 698 1165 751 [prop.
1178 692 1399 746 XXVIIIJ.

48 783 197 811 uerum
234 768 365 811 etiam
406 771 679 824 segmentum
711 770 855 809 ΖΘΗ
889 766 1106 822 positione
1139 765 1287 807 datum
1319 767 1397 807 est.

48 855 150 897 ergo
181 842 389 895 punctum
426 842 464 882 Θ
502 840 650 881 datum
688 841 755 880 est
793 837 932 893 [prop.
963 836 1118 892 XXV]
1189 836 1401 878 ducantur

52 914 146 967 ΖΘ,
180 913 288 967 ΘΗ,
333 914 376 952 613
413 909 779 965 perpendicularis
817 910 1000 951 ducatur
1035 910 1126 950 ΘΛ.
1196 907 1297 949 data
1334 909 1402 948 est

47 982 182 1039 igitur
216 985 306 1024 ΘΛ.
368 996 519 1023 uerum
556 981 687 1023 etiam
726 983 938 1035 punctum
974 982 1011 1021 Θ
1054 979 1204 1021 datum
1249 981 1315 1020 est
1359 980 1403 1019 et

47 1056 276 1108 utrumque
305 1056 353 1109 Ζ,
371 1054 429 1094 Η.
484 1052 632 1107 itaque
659 1051 854 1108 singulae
891 1053 991 1106 ΘΖ,
1025 1052 1134 1105 ΖΗ,
1168 1051 1265 1091 ΘΗ
1289 1048 1403 1103 posi-

48 1124 164 1167 tione
197 1128 240 1166 et
271 1123 568 1180 magnitudine
600 1123 725 1164 datae
759 1125 860 1164 sunt
893 1121 1031 1177 [prop.
1058 1119 1235 1174 XXVI}
1298 1133 1402 1176 ergo

48 1194 93 1240 Δ
116 1198 259 1237 ΖΘΗ
286 1195 411 1236 datus
439 1197 504 1236 est
531 1194 671 1249 specie
700 1191 838 1250 [prop.
859 1189 1077 1249 XXXIX}
1128 1194 1171 1233 et
1198 1191 1402 1246 quoniam

49 1268 114 1308 est
151 1267 262 1308 BP:
282 1268 444 1307 AE=
469 1267 587 1306 ZH:
607 1267 707 1306 HK
739 1267 783 1306 et
814 1265 986 1306 HK=
1010 1265 1090 1305 ΘΛ
1117 1262 1170 1318 [1,
1193 1261 1289 1318 34],
1321 1262 1403 1304 erit

50 1339 160 1379 BF:
180 1340 344 1378 AE=
366 1338 484 1377 ZH:
509 1338 598 1377 ΘΛ.
630 1333 687 1392 [et
712 1338 779 1377 est
807 1339 834 1384 L
854 1336 1056 1376 BAF=
1080 1336 1228 1376 ΖΘΗ.
1270 1347 1402 1388 quare

49 1408 290 1463 triangulus
332 1409 475 1449 ΑΒΓ
517 1406 737 1463 triangulo
785 1408 927 1448 ΘΖΗ
971 1404 1284 1461 aequiangulus
1335 1407 1402 1446 est

53 1481 187 1534 [prop.
224 1477 438 1531 LXXIX}
512 1492 663 1519 uerum
687 1476 752 1534 ΕΔ
781 1479 923 1519 ΘΖΗ
961 1477 1086 1518 datus
1131 1478 1198 1517 est
1248 1475 1400 1531 specie.

52 1563 154 1606 ergo
187 1549 319 1590 etiam
349 1548 396 1593 Δ
416 1550 556 1590 ΑΒΓ
581 1549 707 1590 datus
739 1551 806 1590 est
838 1547 990 1603 specie.

630 1700 821 1743 LXXXI.

143 1783 189 1826 Si
213 1784 347 1826 trium
372 1786 590 1826 rectarum
609 1783 1006 1839 proportionalium
1027 1782 1203 1824 termini
1223 1783 1406 1825 extremi

56 1855 109 1896 ad
133 1857 346 1897 extremos
372 1855 581 1897 terminos
607 1854 742 1896 trium
768 1856 988 1896 rectarum
1012 1853 1405 1908 proportionalium

56 1925 200 1967 datam
222 1924 384 1967 habent
409 1925 640 1981 rationem,
672 1924 804 1967 etiam
830 1924 961 1966 medii
988 1924 1041 1965 ad
1066 1923 1231 1965 medios
1258 1924 1405 1966 datam

57 1995 270 2037 rationem
298 1996 541 2052 habebunt3
579 1998 622 2037 et
655 1995 691 2037 si
724 1998 942 2037 extremus
983 1995 1034 2036 ad
1066 1997 1306 2036 extremum
1337 2010 1403 2036 ra-

56 2066 220 2108 tionem
248 2066 380 2108 habet
406 2067 551 2109 datam
578 2069 621 2108 et
647 2066 813 2108 medius
841 2066 894 2107 ad
920 2064 1121 2121 medium,
1152 2065 1283 2107 etiam
1309 2066 1404 2108 reli-

55 2193 253 2229 demonstr.
281 2194 411 2239 altera,
436 2206 471 2230 u.
498 2207 582 2240 app.
663 2199 718 2230 23.
747 2191 870 2241 οὖσαι]
899 2194 1027 2235 οὔσαις
1051 2194 1086 2229 b.
1169 2198 1224 2230 24.
1254 2194 1403 2241 ἔχωσιν]

57 2240 204 2286 ἔχουσαι
228 2241 263 2276 b.
385 2245 440 2277 25.
475 2241 596 2285 ἕξουσι
614 2243 651 2277 b.
765 2242 805 2288 ἡ]
832 2252 902 2276 om.
930 2241 965 2276 b.
1087 2245 1143 2277 26.
1179 2241 1277 2286 ἄκρα
1302 2255 1341 2277 τε
1366 2242 1401 2277 b.

55 2287 185 2369 τει-Ῑζὶν]
213 2299 282 2323 om.
309 2288 343 2324 b.
421 2288 499 2336 ἔχῃ]
525 2304 565 2336 -η
591 2289 631 2324 in
650 2301 721 2325 ras.
749 2301 782 2324 v.
862 2288 901 2335 ἡ]
929 2300 998 2324 om.
1025 2288 1049 2323 b
1077 2290 1164 2333 (non
1190 2290 1237 2336 β).
1312 2288 1402 2335 μέση
