1520 2508
93 896 135 928 10

92 1240 134 1271 15

91 1583 136 1614 20

91 1926 136 1957 25

160 86 243 128 100
661 86 928 121 ΔΕΔΟΜΕΝΑ

159 181 287 233 λόγος
335 180 418 234 ἄρα
465 184 542 220 τοῦ
589 183 630 219 A
677 179 785 233 πρὸς
832 179 879 220 τὸ
925 183 967 220 Δ
1015 179 1174 227 δοθειἍς
1248 181 1324 220 καί
1353 143 1510 252 ε’στινζξῖ

161 249 312 302 ὅμοιον
342 249 390 289 τὸ
422 251 464 289 A
494 254 554 304 τῷ
586 251 647 288 Δ·
679 249 806 300 λόγος
836 248 919 302 ἄρα
949 254 1023 301 τῆς
1047 251 1129 289 ΕΖ
1161 248 1267 302 πρὸς
1296 248 1375 301 τὴν
1401 221 1520 368 Epi,

162 319 322 366 ffofiscssg
389 317 571 358 δοθεῖσα
609 314 657 357 δὲ
693 316 719 370 ἡ
750 318 854 357 ΒΓ·
897 317 1079 358 δοθεῖσα
1115 318 1198 371 ἄρα
1227 315 1298 357 καὶ
1329 317 1355 370 ἡ
1386 317 1504 363 ΕΖΔ

160 388 236 427 καί
264 386 353 427 ἐστι
384 387 512 438 λόγος
540 392 614 439 τῆς
641 388 724 426 ΖΕ
750 385 858 440 πρὸς
882 386 961 439 τὴν
985 388 1081 426 ΕΗ
1106 386 1269 434 δοθειΗς
1301 344 1520 450 δοθεῖσαὲζζ

159 455 242 510 ἄρα
272 453 344 495 καὶ
375 454 400 507 ἡ
426 457 527 496 ΕΗ
583 455 655 495 διὰ
685 455 736 495 τὰ
767 454 875 495 αὐτὰ
906 455 958 508 δὴ
990 453 1061 495 καὶ
1093 452 1244 507 ἑκάστη
1275 461 1362 495 τῶν
1393 457 1480 495 λοι·
1461 446 1520 548 ἐξ

159 530 253 564 πῶν
284 522 456 564 δέδοται
486 529 545 580 τῷ
576 522 760 577 μεγέθει.
1494 557 1520 629 ³}

779 686 831 716 νς
853 705 862 713 .

250 751 349 794 Ἐὰν
380 753 460 794 δύο
494 753 699 805 ἰσογώνια
729 755 1151 808 παραλληλόγραμμα
1184 754 1292 808 πρὸς
1321 745 1510 806 diuma*

160 823 292 874 λόγον
323 823 397 876 ἔχῃ
429 820 684 874 δεδομένον,
722 823 839 862 ἔσται
864 821 922 869 ὡς
951 822 977 875 ἡ
1008 827 1085 862 τοῦ
1116 822 1289 876 πρώτου
1319 821 1482 876 πλευρὰ
1496 808 1520 884 J}

159 890 267 944 πρὸς
305 891 384 943 τὴν
419 895 497 931 τοῦ
528 889 735 945 δευτέρου
764 890 974 945 πλευράν,
1018 890 1154 938 οὕτως
1189 890 1215 943 ἡ
1246 891 1372 944 λοιπὴ
1403 895 1480 931 τοῦ
1496 914 1520 954 ἒ

161 958 367 1013 δευτέρου
397 959 562 1014 πλευρὰ
597 959 704 1014 πρὸς
739 958 794 1012 ἣν
824 959 850 1012 ἡ
882 957 1002 1013 ἑτέρα
1039 965 1116 1000 τοῦ
1146 960 1320 1013 πρώτου
1352 961 1481 1012 λόγον
1494 956 1520 1016 ·⁴

161 1029 245 1081 ἔχει
293 1026 547 1081 δεδομένον,
596 1027 647 1069 ὃν
695 1029 743 1068 τὸ
790 1029 1237 1082 παραλληλόγραμμον
1284 1029 1392 1083 πρὸς
1433 1029 1481 1069 τὸ
1501 1031 1520 1085 ζ

160 1098 621 1151 παραλληλόγραμμον.

248 1165 328 1206 δύο
360 1165 442 1220 γὰρ
477 1166 683 1218 ἰσογώνια
713 1167 1134 1220 παραλληλόγραμμα
1158 1165 1210 1206 τὰ
1234 1170 1289 1219 Α,
1309 1168 1345 1206 Β
1374 1166 1520 1220 πρὸς

162 1234 325 1286 ἄλληλα
356 1235 488 1286 λόγον
519 1233 644 1288 ἐχέτω
677 1233 927 1288 δεδομένον·
965 1233 1093 1287 λέγω,
1125 1234 1190 1275 ὅτι
1221 1232 1338 1275 ἐστὶν
1369 1234 1427 1282 ὡς
1455 1234 1481 1288 ἡ

163 1304 244 1343 ΓΔ
273 1303 381 1357 πρὸς
412 1303 491 1356 τὴν
515 1305 612 1355 ΕΖ,
643 1286 784 1351 οὕτως
807 1303 833 1356 ἡ
858 1306 954 1344 ΕΗ
978 1304 1085 1358 πρὸς
1108 1302 1163 1355 ἣν
1188 1303 1214 1356 ἡ
1241 1305 1322 1344 ΓΘ
1351 1305 1520 1355 λόγον

162 1373 247 1425 ἔχει
278 1370 526 1425 δεδομένον,
557 1371 608 1413 ὃν
633 1373 680 1413 τὸ
707 1376 749 1413 A
777 1374 1223 1427 παραλληλόγραμμον
1246 1372 1353 1427 πρὸς
1377 1372 1424 1412 τὸ
1445 1373 1481 1412 Β

160 1442 621 1495 παραλληλόγραμμον.
1503 1438 1514 1479 ‚⁴

249 1508 527 1562 ἐκβεβλήσθω
553 1510 635 1564 γὰρ
662 1508 726 1550 ἐπ’
755 1509 928 1558 εὐθείας
951 1516 1026 1562 τῆς
1053 1511 1134 1550 ΓΘ
1163 1509 1312 1550 εὐθεῖα
1337 1509 1362 1562 ἡ
1387 1510 1481 1562 ΓΚ,
1500 1499 1520 1533 ‘s

160 1575 233 1618 καὶ
262 1579 515 1631 πεποιήσθω
547 1578 605 1626 ὡς
635 1578 660 1632 ἡ
694 1579 772 1619 ΓΔ
802 1579 909 1633 πρὸς
938 1579 1017 1632 τὴν
1048 1581 1143 1631 ΕΖ,
1174 1578 1311 1626 οὕτως
1341 1577 1366 1631 ἦ
1391 1571 1520 1618 ΕΗ

160 1646 270 1701 πρὸς
299 1647 378 1700 τὴν
405 1648 500 1700 ΓΚ,
531 1645 603 1687 καὶ
627 1647 1013 1701 συμπεπληρώσθω
1039 1647 1086 1688 τὸ
1111 1649 1187 1688 ΓΛ
1216 1647 1482 1701 παραλληλό-
1503 1681 1507 1684 .

160 1729 369 1770 γραμμον.
444 1713 533 1756 ἐπεὶ
571 1713 651 1757 οὖν
687 1715 805 1757 ἐστιν
847 1715 906 1764 ὡς
941 1715 1085 1769 ἡΤΛ
1124 1716 1231 1770 πρὸς
1272 1716 1351 1769 τὴν
1386 1717 1483 1768 ΕΖ,
1502 1707 1512 1739 '.

162 1782 300 1832 οὕτως
335 1783 362 1837 ἡ
392 1786 489 1824 ΕΗ
523 1784 632 1839 πρὸς
669 1785 748 1837 τὴν
780 1786 881 1837 ΓΚ,
925 1787 995 1837 ἴση
1034 1783 1086 1824 δέ
1113 1783 1230 1825 ἐστιν
1265 1783 1291 1837 ἡ
1324 1785 1401 1824 ΓΔ
1431 1789 1481 1838 τῇ

161 1853 257 1905 ΚΛ,
288 1853 406 1893 ἔστιν
436 1853 520 1907 ἄρα
551 1852 609 1901 ὡς
639 1853 664 1906 ἡ
690 1854 773 1893 ΚΛ
801 1853 909 1907 πρὸς
939 1853 1017 1906 τὴν
1042 1855 1137 1906 ΕΖ,
1169 1852 1306 1901 οὕτως
1335 1852 1361 1906 ἡ
1391 1853 1518 1894 ΕΗ

160 1921 269 1975 πρὸς
309 1922 388 1975 τὴν
426 1923 521 1963 ΓΚ.
592 1919 664 1962 καὶ
699 1920 798 1977 περὶ
835 1925 930 1970 ἴσας
969 1924 1129 1973 γωνίας
1164 1921 1240 1969 τὰς
1273 1920 1358 1962 ὑπὸ
1394 1928 1481 1962 τῶν

257 2072 287 2102 1.
314 2067 427 2114 ἐστιν]
454 2079 522 2102 om.
549 2068 633 2103 Vat.
735 2071 766 2102 3.
799 2068 955 2101 δοθεῖσα
981 2065 1068 2111 δὲη
1097 2069 1168 2101 ΒΓ
1219 2077 1288 2101 om.
1314 2066 1352 2101 P
1448 2069 1479 2101 5.

164 2112 311 2159 ἑκάστη]
339 2112 493 2158 ἑκατέρα
517 2114 551 2148 b.
675 2118 705 2149 6.
737 2111 900 2158 δέδοται]
927 2124 994 2147 om.
1021 2067 1068 2146 δὴ
1202 2123 1257 2156 eq.
1284 2113 1478 2147 demonstr.
1507 2127 1510 2132 ¹

164 2159 296 2204 altera,
329 2171 362 2194 u.
390 2171 473 2204 app.
579 2163 610 2194 8.
635 2158 1006 2204 παραλληλόγραμμα]
1038 2169 1152 2203 comp.
1178 2158 1274 2215 vat„
1312 2157 1478 2193 omnibus
1504 2181 1506 2190 2

163 2188 296 2239 litteris’
333 2217 380 2240 m
407 2210 438 2240 2.
557 2205 666 2250 λόγον
698 2205 759 2252 ἔχῃ
790 2205 880 2249 πρὸς
905 2204 1039 2249 ἄλληλα
1068 2187 1274 2249 δεδομένον
1298 2204 1333 2239 b.
1446 2206 1478 2238 9.
1503 2210 1515 2217 ⁹

167 2250 244 2298 ἔχῃ]
279 2265 318 2298 -ῃ
350 2262 438 2287 corr.
466 2262 511 2286 ex
536 2264 568 2286 ει
591 2263 638 2287 m.
664 2255 684 2286 2
716 2263 748 2286 v
869 2254 922 2285 12.
957 2250 1017 2297 ἔχῃ
1043 2250 1126 2285 vat.
1258 2248 1316 2296 ὅν]
1349 2261 1417 2285 om.
1443 2249 1496 2284 b.
1505 2262 1511 2274 τ
