1520 2508
75 814 118 844 10

78 1160 120 1191 15

74 1506 118 1537 20

72 1852 115 1883 25

147 81 203 122 72
674 86 939 121 ΔΕΔΟΜΕΝΑ.

767 195 824 233 μα
845 212 854 221 ·
1366 229 1373 234 ,,

232 250 331 292 Ἐὰν
368 254 582 306 τρίγωνον
618 255 723 307 μιάν
760 256 832 309 ἔχῃ
871 257 1036 308 γωνιάν
1073 257 1327 312 δεδομένην,
1368 259 1463 319 περὶ

146 318 194 361 δὲ
230 322 309 374 τὴν
346 321 584 375 δεδομένην
621 325 785 375 γωνίαν
828 325 876 365 αἱ
908 324 1090 380 πλευραὶ
1132 327 1239 382 πρὸς
1281 327 1463 383 ἀλλήλας

145 391 277 442 λόγον
308 391 435 443 ἔχωσι
467 390 714 445 δεδομένον,
746 391 917 434 δέδοται
949 395 996 435 τὸ
1028 397 1242 449 τρίγωνον
1266 403 1324 453 τῷ
1349 399 1462 442 εἴδει.

233 457 360 512 έχέτω
398 459 480 514 γὰρ
518 462 733 515 τρίγωνον
763 462 811 503 τὸ
843 465 980 504 ΑΒΓ
1009 465 1112 517 μίαν
1147 467 1310 518 γωνίαν
1346 467 1462 509 δεδο-

144 526 279 582 μένην
309 529 388 582 τὴν
418 529 503 571 ὑπὸ
533 537 621 572 τῶν
646 533 781 584 ΒΑΓ,
812 530 909 587 περὶ
941 530 988 573 δὲ
1019 533 1098 587 τὴν
1122 533 1206 576 ὑπὸ
1231 542 1318 576 τῶν
1342 538 1470 579 ΒΑΓ

145 598 192 638 αι’
218 596 401 652 πλευραὶ
432 599 481 639 αἱ
506 601 600 653 ΒΛ,
626 602 718 641 ΑΓ
740 601 848 654 πρὸς
878 600 1064 655 ἀλλήλας
1095 605 1225 656 λόγον
1256 603 1462 658 ἐχέτωσαν

145 666 396 721 δεδομένον·
445 667 575 722 λέγω,
614 669 678 710 ὅτι
716 670 763 711 τὸ
795 673 933 711 ΑΒΓ
962 674 1176 726 τρίγωνον
1207 671 1375 715 δέδοται
1405 681 1462 732 τῷ

144 737 260 778 εῖδει.

234 805 442 848 ἐκκείσθω
480 807 561 862 γὰρ
606 814 656 863 τῇ
698 807 820 850 θέσει
857 808 927 850 καὶ
965 817 1023 866 τῷ
1055 810 1228 864 μεγέθει
1260 813 1463 868 δεδομένη

145 875 295 917 εὐθεῖα
327 875 352 929 ἡ
383 879 426 916 Δ
435 878 470 916 Ζ
501 875 572 917 καὶ
604 878 847 919 συνεστάτω
879 880 986 934 πρὸς
1015 887 1067 935 τῇ
1098 885 1140 922 Δ
1150 885 1184 922 Ζ
1216 882 1365 938 εὐθείᾳ
1393 881 1462 925 καὶ

144 950 202 1001 τῷ
234 946 342 1000 πρὸς
373 945 480 1000 αὐτῇ
512 948 671 1002 σημείῳ
703 953 761 1003 τῷ
796 950 830 988 Ζ
861 954 911 1003 τῇ
943 948 1027 990 ὑπὸ
1058 957 1145 992 τῶν
1176 954 1307 992 ΒΑΓ
1331 954 1463 1008 γωνίᾳ

554 1083 564 1100 ἱ
615 1085 625 1100 θ
676 1084 687 1100 f
733 1086 740 1098 ¹

144 1153 267 1195 θέσει
292 1153 501 1209 δεδομένῃ
528 1154 679 1210 εὐθείᾳ
709 1162 760 1210 τῇ
785 1159 828 1196 Δ
837 1158 872 1196 Ζ
902 1155 974 1197 καὶ
999 1163 1057 1214 τῷ
1082 1159 1190 1213 πρὸς
1214 1159 1321 1214 αὐτῇ
1346 1160 1463 1202 δεδο-

143 1222 257 1280 μένῳ
278 1226 437 1280 σημείῳ
458 1230 516 1280 τῷ
532 1223 575 1280 {Z
595 1224 746 1266 εὐθεῖα
761 1226 932 1279 γραμμὴ
948 1223 1071 1279 ἦκται
1091 1227 1116 1281 ἡ
1133 1230 1215 1269 ΖΕ
1232 1228 1465 1283 δεδομένην

143 1299 329 1334 ποιοῦσα
361 1294 526 1346 γωνίαν
557 1294 636 1347 τὴν
665 1292 750 1335 ὑπὸ
782 1301 869 1335 τῶν
899 1298 1051 1348 ΔΖΕ,
1085 1295 1206 1338 θέσει
1237 1298 1320 1352 ἄρα
1351 1296 1463 1340 ἐστὶν

144 1362 169 1415 ἡ
203 1364 295 1403 ΖΕ.
362 1360 432 1403 καὶ
476 1360 566 1403 ἐπεὶ
603 1363 730 1414 λόγος
767 1362 856 1404 ἐστὶ
893 1369 968 1417 τῆς
1003 1367 1084 1405 ΒΑ
1124 1366 1232 1420 πρὸς
1267 1367 1346 1420 τὴν
1381 1368 1472 1408 ΛΓ

144 1431 312 1484 δοθείς,
355 1430 377 1473 ὁ
416 1431 545 1480 αὐτὸς
581 1431 697 1488 αὐτῷ
730 1431 939 1484 γεγονέτω
972 1433 994 1475 ὁ
1026 1439 1101 1487 τῆς
1130 1438 1172 1475 Δ
1182 1438 1216 1475 Ζ
1252 1436 1359 1490 πρὸς
1387 1437 1464 1490 τὴν

146 1502 230 1541 ΖΕ
271 1498 343 1540 καὶ
387 1498 626 1554 ἐπεζεύχθω
667 1501 692 1554 ἡ
731 1503 838 1542 ΔΕ·
889 1504 1016 1555 λόγος
1052 1504 1135 1557 ἄρα
1170 1503 1242 1545 καὶ
1277 1511 1351 1559 τῆς
1379 1508 1462 1548 ΔΖ

141 1570 249 1623 πρὸς
291 1570 370 1623 τὴν
417 1571 500 1610 ΖΕ
539 1570 704 1619 δοθείς·
755 1571 937 1612 δοθεῖσα
981 1570 1028 1613 δὲ
1071 1573 1096 1626 ἡ
1132 1576 1236 1614 ΔΖ·
1286 1575 1463 1616 δοθεῖσα

144 1639 227 1693 ἄρα
262 1636 335 1679 καὶ
372 1638 398 1692 ἡ
431 1641 522 1680 ΖΕ.
584 1638 691 1681 ἀλλὰ
728 1638 799 1681 καὶ
835 1647 885 1695 τῇ
927 1640 1059 1682 θέσει.
1119 1645 1195 1684 καί
1227 1642 1315 1685 ε’στι
1350 1645 1397 1686 τὸ
1429 1646 1463 1686 Ζ

142 1706 295 1749 δοθέν·
340 1705 475 1750 δοθὲν
515 1709 597 1762 ἄρα
634 1707 704 1750 καὶ
741 1710 788 1750 τὸ
820 1713 868 1751 Ε.
942 1712 1031 1752 ἔστι
1075 1709 1120 1753 δὲ
1159 1711 1230 1753 καὶ
1267 1711 1466 1769 ἑκάτερον

142 1785 228 1819 τῶν
270 1781 331 1831 Δ,
365 1780 399 1818 Ζ
449 1776 602 1820 δοθέν·
653 1778 834 1819 δοθεῖσα
883 1780 966 1834 ἄρα
1018 1779 1135 1822 ἐστὶν
1183 1780 1336 1836 ἑκάστη
1379 1789 1464 1824 τῶν

141 1849 246 1900 ΛΖ,
287 1849 386 1900 ΖΕ,
423 1850 513 1888 ΔΕ
558 1854 608 1902 τῇ
656 1846 777 1888 θέσει
826 1847 896 1888 καὶ
944 1855 1003 1905 τῷ
1053 1849 1244 1904 μεγέθει·
1293 1851 1465 1894 δέδοταί

141 1917 224 1969 ἄρα
267 1917 314 1957 τὸ
351 1919 486 1957 ΔΖΕ
526 1922 585 1972 τῷ
629 1917 744 1958 εἴδει.
816 1916 887 1958 καὶ
930 1916 1019 1959 ἐπεὶ
1062 1919 1142 1960 δύο
1185 1922 1372 1975 τρίγωνα
1413 1921 1463 1963 τὰ

141 1987 285 2038 ΑΒΓ,
310 1988 442 2026 ΔΕΖ
478 1987 582 2040 μίαν
618 1988 782 2038 γωνίαν
817 1989 894 2042 μίᾳ
930 1990 1066 2044 γωνίᾳ
1110 1992 1208 2042 ι”σην
1245 1990 1347 2043 ἔχει,
1385 1991 1463 2044 τὴν

236 2086 266 2115 1.
297 2082 380 2127 μα’]
406 2082 469 2127 μβ’
496 2082 530 2116 b.
651 2086 682 2116 2.
717 2082 793 2129 ἔχῃ]
822 2082 893 2128 ἔχει
918 2095 950 2128 V,
978 2095 1065 2119 corr.
1092 2097 1137 2119 m.
1166 2089 1196 2119 1.
1311 2084 1447 2130 γωνίαν

142 2138 257 2185 comp.
284 2128 382 2174 Vatsj
508 2132 538 2162 6.
580 2134 650 2163 τῶν
677 2130 776 2175 (pr.)]
815 2140 883 2164 om.
915 2129 949 2164 b.
1087 2134 1194 2165 ΒΑΓ
1214 2131 1345 2190 (ε)ιΙὴ.)]ρ
1365 2135 1426 2167 BA

141 2187 279 2218 γωνιαν
306 2174 339 2208 b.
456 2178 510 2208 12.
543 2177 600 2208 BA
611 2175 659 2232 Γ]
694 2179 720 2209 Β
747 2186 856 2220 supra
882 2187 947 2210 scr.
975 2188 1019 2211 m.
1050 2181 1066 2210 1
1095 2177 1127 2212 b.
1242 2182 1295 2212 13.
1327 2191 1349 2223 η
1370 2177 1463 2224 (pr.)]

141 2219 303 2308 χένίῖὴ
329 2220 363 2254 b.
475 2224 527 2255 15.
555 2232 687 2268 σημειῳ
713 2220 897 2268 δεδομένῳ
922 2222 956 2257 b.
1063 2227 1117 2258 24.
1148 2224 1190 2269 Z]
1217 2226 1249 2258 E
1273 2224 1307 2258 b.
1407 2227 1461 2259 27.

143 2279 158 2301 ε
183 2278 213 2300 ει
266 2294 271 2300 .
