1520 2508
629 86 770 119 DATA.
1319 68 1384 124 91'

113 198 212 225 nam
254 181 300 224 in
337 181 485 223 eadem
520 184 639 222 reeta
676 184 764 223 AB
809 181 916 223 duae
955 180 1174 235 quaelibet
1210 180 1374 236 figurae

31 253 272 297 rectilineae
304 241 602 294 describantur
633 251 773 307 speeie
807 252 932 294 datae
964 255 1007 293 A
1015 253 1202 307 ΕΓΖΒ,
1228 254 1373 293 ΑΔΒ.

29 324 139 380 (1160,
168 323 380 366 rationem
412 324 636 365 ΑΕΓΖΒ
656 338 665 363 :
687 325 820 364 AAB
852 322 998 364 datam
1030 337 1135 364 esse.

113 395 320 438 ducantur
353 394 466 436 enim
498 396 604 449 ΑΖ,
632 396 724 435 ΖΕ.
786 393 934 449 itaque
971 393 1266 449 unusquisque
1300 393 1374 435 tri-

28 466 278 523 angulorum
309 467 449 521 EPZ,
474 468 615 520 EZA,
643 467 769 506 ΖΑΒ
802 465 928 506 datus
961 467 1027 506 est
1059 464 1199 520 specie
1233 464 1373 520 [prop.

27 536 215 592 XLVH}
289 539 332 579 et
375 536 579 592 quoniam
621 536 669 577 in
699 536 847 577 eadem
891 538 1010 578 reeta
1047 539 1132 578 ΕΖ
1176 536 1260 578 duo
1299 535 1375 577 tri-

604 607 753 663 anguli
772 606 914 662 speeie
932 606 1022 648 dati
1039 606 1244 662 descripti
1260 609 1373 662 sunt,

357 686 401 718 Γ
602 681 745 733 ΕΖΓ,
764 681 910 734 EZA,
939 677 1051 719 ratio
1079 679 1373 720 FEZ:ZEA

603 749 703 791 data
723 751 789 790 est
815 749 954 804 [prop.
975 748 1195 804 XLVIII]
1241 763 1372 804 quare

603 820 736 862 etiam
768 820 1064 875 componendo
1096 819 1208 862 ratio

29 869 61 946 ἶ
478 881 541 934 [Ε
800 893 978 933 ΓΕΑΖ
999 907 1008 932 :
1031 894 1164 933 ZEA

80 911 309 1045 Χ
603 962 703 1004 data
723 965 789 1004 est
810 962 951 1018 [prop.
964 961 1060 1017 VI].
1087 977 1239 1004 uerum
1259 961 1371 1004 ratio

39 1000 95 1100 Bt
324 1055 375 1086 χ
605 1036 738 1075 ΖΕΑ
762 1049 771 1075 :
801 1036 932 1075 ZAB
983 1033 1084 1075 data
1134 1036 1222 1089 est,
1271 1033 1372 1088 quia

398 1090 442 1122 A
601 1104 810 1160 trianguli
825 1104 872 1145 in
892 1104 1040 1146 eadem
1059 1107 1178 1146 reeta
1198 1108 1240 1146 A
1250 1107 1285 1146 Z
1306 1105 1373 1146 (16-

0 1207 1 1218 }
195 1192 197 1194 ·
603 1174 754 1230 scripti
803 1178 904 1217 sunt
961 1175 1100 1230 [prop.
1145 1174 1371 1231 XLVIII}

0 1255 1 1258 ’
602 1261 734 1300 quare
749 1246 882 1288 etiam
895 1246 1008 1288 ratio
1025 1248 1158 1288 ΓΕΑ
1168 1249 1203 1288 Ζ
1218 1262 1227 1287 :
1244 1250 1325 1289 ZA
1334 1250 1371 1289 Β

0 1330 2 1357 1
23 1310 120 1354 data
133 1314 198 1353 est
212 1312 492 1369 [prop.VIII].
520 1319 563 1358 et
577 1318 873 1372 componendo
888 1317 1000 1359 ratio
1017 1319 1223 1359 ΓΕΒΖΑ
1231 1333 1239 1360 :
1251 1321 1372 1360 ZBA

24 1381 122 1425 data
150 1386 216 1425 est
249 1384 387 1439 [prop.
413 1384 508 1442 VI].
570 1403 720 1430 uerum
758 1388 870 1430 ratio
911 1391 1042 1430 ZAB
1063 1404 1071 1430 :
1092 1392 1135 1430 A
1143 1392 1187 1430 A
1195 1392 1232 1431 B
1271 1389 1372 1431 data

0 1456 86 1496 'est
117 1455 252 1512 [prop.
278 1456 497 1514 XLVIII]
548 1473 652 1515 ergo
678 1459 809 1501 etiam
835 1459 947 1502 ratio
976 1462 1107 1502 ΓΕΑ
1114 1462 1220 1502 BZ:
1236 1464 1323 1502 ΑΔ
1331 1463 1369 1502 Β

0 1525 121 1579 ‚jdata
150 1530 215 1570 est
246 1527 384 1584 [prop.
410 1529 571 1585 VIII}

668 1660 715 1702 L.

110 1738 155 1782 Si
198 1741 304 1784 duae
342 1746 483 1785 rectae
520 1743 635 1785 inter
674 1759 717 1786 se
756 1744 971 1786 rationem
1009 1744 1172 1786 habent
1211 1745 1370 1801 datam,

0 1835 1 1844 1
23 1809 151 1854 etiam
180 1812 340 1868 figurae
371 1814 618 1856 rectilineae
649 1815 696 1856 in
725 1815 780 1857 iis
813 1815 975 1857 similes
1006 1818 1049 1857 et
1076 1815 1276 1858 similiter
1302 1817 1370 1859 de-

4 1911 5 1933 1
24 1881 205 1938 scriptae
235 1883 350 1926 inter
382 1900 426 1927 se
457 1885 671 1927 rationem
701 1886 926 1928 habebunt
958 1886 1115 1928 datam.

107 1967 206 1996 nam
232 1955 339 1997 duae
364 1959 505 1998 rectae
526 1960 568 1998 A
576 1960 626 2012 Β,
641 1959 722 1998 ΓΔ
746 1957 860 1999 inter
880 1972 925 1999 se
944 1957 1159 1999 rationem
1178 1958 1369 2001 habeant

23 2022 165 2066 datam
190 2027 233 2075 et
256 2025 302 2067 in
327 2030 370 2068 Α
377 2029 426 2082 Β,
447 2028 529 2069 ΓΔ
555 2027 717 2069 similes
738 2031 780 2070 et
800 2028 1000 2070 similiter
1017 2029 1184 2083 positae
1204 2030 1369 2086 figurae

4 2094 263 2157 rectilineae
291 2096 589 2140 describantur
615 2102 665 2155 E,
687 2102 732 2141 Z.
785 2099 892 2154 dieo,
925 2099 1057 2141 etiam
1083 2114 1230 2143 earum
1254 2101 1369 2143 inter

6 2177 66 2228 ³se
95 2165 319 2209 rationem·
339 2167 484 2210 datam
515 2184 619 2212 esse.

83 2264 85 2266 ’
112 2269 155 2303 In
186 2269 245 2315 fig.
273 2271 352 2307 cod.
378 2272 403 2306 b
434 2272 584 2308 litterae
610 2278 639 2308 A
672 2275 709 2309 et
736 2277 780 2318 B,
815 2276 847 2309 Ε
873 2275 911 2309 et
940 2277 968 2309 Z
998 2277 1234 2320 permutatae
1262 2279 1366 2321 sunt;

7 2316 160 2367 jrectam
183 2321 249 2352 AB
276 2329 344 2354 om.
371 2319 534 2366 PVat.v,
565 2324 628 2356 ZA
655 2333 724 2356 om.
752 2321 786 2356 b.
