<?xml version="1.0" encoding="UTF-8"?>
<!DOCTYPE html PUBLIC "-//W3C//DTD XHTML 1.0 Transitional//EN"
    "http://www.w3.org/TR/xhtml1/DTD/xhtml1-transitional.dtd">
<html xmlns="http://www.w3.org/1999/xhtml" xml:lang="en" lang="en">
 <head>
  <title>
</title>
<meta http-equiv="Content-Type" content="text/html;charset=utf-8" />
  <meta name='ocr-system' content='tesseract 3.04.00' />
  <meta name='ocr-capabilities' content='ocr_page ocr_carea ocr_par ocr_line ocrx_word'/>
</head>
<body>
  <div class='ocr_page' id='page_1' title='image "./euclidisoperaomn06eucluoft_0344.png"; bbox 0 0 1520 2508; ppageno 0'>
   <div class='ocr_carea' id='block_1_1' title="bbox 155 143 922 184">
    <p class='ocr_par' dir='ltr' id='par_1_1' title="bbox 155 143 922 184">
     <span class='ocr_line' id='line_1_1' title="bbox 155 143 922 184; baseline -0.009 0"><span class='ocrx_word' id='word_1_1' title='bbox 155 143 240 184; x_wconf 79' lang='lat'><em>278</em></span> <span class='ocrx_word' id='word_1_2' title='bbox 709 143 922 177; x_wconf 81' lang='lat' dir='ltr'><strong>SCHOLIA.</strong></span> 
     </span>
    </p>
   </div>
   <div class='ocr_carea' id='block_1_2' title="bbox 652 282 990 337">
    <p class='ocr_par' dir='ltr' id='par_1_2' title="bbox 652 282 990 337">
     <span class='ocr_line' id='line_1_2' title="bbox 652 282 990 337; baseline -0.003 -13"><span class='ocrx_word' id='word_1_3' title='bbox 652 282 719 324; x_wconf 88' lang='lat' dir='ltr'><em>Ad</em></span> <span class='ocrx_word' id='word_1_4' title='bbox 749 297 868 337; x_wconf 82' lang='lat' dir='ltr'>prop.</span> <span class='ocrx_word' id='word_1_5' title='bbox 899 282 990 323; x_wconf 93' lang='lat' dir='ltr'><em>XX.</em></span> 
     </span>
    </p>
   </div>
   <div class='ocr_carea' id='block_1_3' title="bbox 112 374 1497 858">
    <p class='ocr_par' dir='ltr' id='par_1_3' title="bbox 112 374 1497 858">
     <span class='ocr_line' id='line_1_3' title="bbox 246 374 884 430; baseline -0.002 -13"><span class='ocrx_word' id='word_1_6' title='bbox 246 376 311 417; x_wconf 81' lang='lat'><strong>70.</strong></span> <span class='ocrx_word' id='word_1_7' title='bbox 348 374 677 430; x_wconf 81' lang='grc' dir='ltr'><em>Ἀντιστρόφιον</em></span> <span class='ocrx_word' id='word_1_8' title='bbox 707 381 785 416; x_wconf 88' lang='grc' dir='ltr'><em>τοῦ</em></span> <span class='ocrx_word' id='word_1_9' title='bbox 817 374 884 416; x_wconf 88' lang='grc' dir='ltr'><em>ιε’.</em></span> 
     </span>
     <span class='ocr_line' id='line_1_4' title="bbox 244 447 1494 512; baseline -0.002 -14"><span class='ocrx_word' id='word_1_10' title='bbox 244 457 309 498; x_wconf 84' lang='grc'><em>71.</em></span> <span class='ocrx_word' id='word_1_11' title='bbox 347 455 434 498; x_wconf 86' lang='grc' dir='ltr'><em>Καὶ</em></span> <span class='ocrx_word' id='word_1_12' title='bbox 466 455 559 498; x_wconf 83' lang='grc' dir='ltr'><em>ἐπεί</em></span> <span class='ocrx_word' id='word_1_13' title='bbox 588 456 705 498; x_wconf 83' lang='grc' dir='ltr'><em>ἐστιν</em></span> <span class='ocrx_word' id='word_1_14' title='bbox 736 456 794 505; x_wconf 82' lang='grc' dir='ltr'><em>ὡς</em></span> <span class='ocrx_word' id='word_1_15' title='bbox 824 457 872 497; x_wconf 88' lang='grc' dir='ltr'><em>τὸ</em></span> <span class='ocrx_word' id='word_1_16' title='bbox 905 459 994 497; x_wconf 90' lang='grc' dir='ltr'><em>ΑΕ</em></span> <span class='ocrx_word' id='word_1_17' title='bbox 1022 471 1062 510; x_wconf 90' lang='grc' dir='ltr'><em>Ρ.</em></span> <span class='ocrx_word' id='word_1_18' title='bbox 1083 456 1149 509; x_wconf 82' lang='grc'><em>38,</em></span> <span class='ocrx_word' id='word_1_19' title='bbox 1170 455 1244 509; x_wconf 79' lang='lat'><em>21]</em></span> <span class='ocrx_word' id='word_1_20' title='bbox 1277 453 1366 496; x_wconf 83' lang='grc' dir='ltr'><em>ἐπεὶ</em></span> <span class='ocrx_word' id='word_1_21' title='bbox 1396 447 1494 512; x_wconf 58' lang='grc' dir='ltr'><em>γάρ&gt;</em></span> 
     </span>
     <span class='ocr_line' id='line_1_5' title="bbox 159 523 1495 581; baseline -0.004 -14"><span class='ocrx_word' id='word_1_22' title='bbox 159 525 287 580; x_wconf 85' lang='grc' dir='ltr'><em>ἐστιν,</em></span> <span class='ocrx_word' id='word_1_23' title='bbox 320 525 378 575; x_wconf 84' lang='grc' dir='ltr'><em>ὡς</em></span> <span class='ocrx_word' id='word_1_24' title='bbox 402 529 492 567; x_wconf 91' lang='grc' dir='ltr'><em>ΑΕ</em></span> <span class='ocrx_word' id='word_1_25' title='bbox 519 525 627 581; x_wconf 77' lang='grc' dir='ltr'><em>πρὸς</em></span> <span class='ocrx_word' id='word_1_26' title='bbox 654 527 750 579; x_wconf 95' lang='grc' dir='ltr'><em>ΓΖ,</em></span> <span class='ocrx_word' id='word_1_27' title='bbox 783 525 920 575; x_wconf 79' lang='grc' dir='ltr'><em>οὕτως</em></span> <span class='ocrx_word' id='word_1_28' title='bbox 950 527 1049 566; x_wconf 89' lang='grc' dir='ltr'><em>ΛΗ</em></span> <span class='ocrx_word' id='word_1_29' title='bbox 1073 524 1181 579; x_wconf 79' lang='grc' dir='ltr'><em>πρὸς</em></span> <span class='ocrx_word' id='word_1_30' title='bbox 1213 525 1303 578; x_wconf 85' lang='grc' dir='ltr'><em>ΓΔ,</em></span> <span class='ocrx_word' id='word_1_31' title='bbox 1335 523 1495 581; x_wconf 70' lang='grc' dir='ltr'><em>δῆλον,”4</em></span> 
     </span>
     <span class='ocr_line' id='line_1_6' title="bbox 112 585 1497 650; baseline -0.002 -13"><span class='ocrx_word' id='word_1_32' title='bbox 112 602 132 632; x_wconf 87' lang='lat'>5</span> <span class='ocrx_word' id='word_1_33' title='bbox 159 595 225 637; x_wconf 93' lang='grc' dir='ltr'><em>ὅτι</em></span> <span class='ocrx_word' id='word_1_34' title='bbox 262 594 334 636; x_wconf 83' lang='grc' dir='ltr'><em>καὶ</em></span> <span class='ocrx_word' id='word_1_35' title='bbox 370 598 525 636; x_wconf 83' lang='grc' dir='ltr'><em>λοιποῦ</em></span> <span class='ocrx_word' id='word_1_36' title='bbox 562 601 639 636; x_wconf 89' lang='grc' dir='ltr'><em>τοῦ</em></span> <span class='ocrx_word' id='word_1_37' title='bbox 677 597 773 636; x_wconf 89' lang='grc' dir='ltr'><em>ΕΗ</em></span> <span class='ocrx_word' id='word_1_38' title='bbox 809 595 916 650; x_wconf 81' lang='grc' dir='ltr'><em>πρὸς</em></span> <span class='ocrx_word' id='word_1_39' title='bbox 953 594 1106 635; x_wconf 90' lang='grc' dir='ltr'><em>λοιπὸν</em></span> <span class='ocrx_word' id='word_1_40' title='bbox 1141 594 1189 634; x_wconf 87' lang='grc' dir='ltr'><em>τὸ</em></span> <span class='ocrx_word' id='word_1_41' title='bbox 1229 596 1314 634; x_wconf 93' lang='grc' dir='ltr'><em>ΖΔ</em></span> <span class='ocrx_word' id='word_1_42' title='bbox 1355 585 1497 647; x_wconf 66' lang='grc' dir='ltr'><em>λόγοςῖἷ</em></span> 
     </span>
     <span class='ocr_line' id='line_1_7' title="bbox 157 661 1490 716; baseline -0.001 -10"><span class='ocrx_word' id='word_1_43' title='bbox 157 663 246 706; x_wconf 80' lang='grc' dir='ltr'><em>ἐστὶ</em></span> <span class='ocrx_word' id='word_1_44' title='bbox 284 663 434 713; x_wconf 81' lang='grc' dir='ltr'><em>δοθεὶς</em></span> <span class='ocrx_word' id='word_1_45' title='bbox 471 665 543 705; x_wconf 79' lang='grc' dir='ltr'><em>διὰ</em></span> <span class='ocrx_word' id='word_1_46' title='bbox 579 665 627 705; x_wconf 93' lang='grc' dir='ltr'><em>τὸ</em></span> <span class='ocrx_word' id='word_1_47' title='bbox 660 663 726 706; x_wconf 81' lang='grc' dir='ltr'><em>ιθ’</em></span> <span class='ocrx_word' id='word_1_48' title='bbox 757 669 835 705; x_wconf 89' lang='grc' dir='ltr'><em>τοῦ</em></span> <span class='ocrx_word' id='word_1_49' title='bbox 867 662 903 705; x_wconf 74' lang='grc' dir='ltr'><em>ε’</em></span> <span class='ocrx_word' id='word_1_50' title='bbox 935 670 1022 704; x_wconf 87' lang='grc' dir='ltr'><em>τῶν</em></span> <span class='ocrx_word' id='word_1_51' title='bbox 1053 663 1295 716; x_wconf 83' lang='grc' dir='ltr'><em>στοιχείων,</em></span> <span class='ocrx_word' id='word_1_52' title='bbox 1332 661 1404 704; x_wconf 83' lang='grc' dir='ltr'><em>καὶ</em></span> <span class='ocrx_word' id='word_1_53' title='bbox 1433 662 1490 705; x_wconf 42' lang='grc' dir='ltr'><em>ἐν’</em></span> 
     </span>
     <span class='ocr_line' id='line_1_8' title="bbox 157 730 1487 786; baseline -0.001 -11"><span class='ocrx_word' id='word_1_54' title='bbox 157 734 288 775; x_wconf 75' lang='grc' dir='ltr'><em>ἅπασι</em></span> <span class='ocrx_word' id='word_1_55' title='bbox 325 741 415 783; x_wconf 78' lang='grc' dir='ltr'><em>τοῖς</em></span> <span class='ocrx_word' id='word_1_56' title='bbox 452 734 666 782; x_wconf 80' lang='grc' dir='ltr'><em>τοιούτοις</em></span> <span class='ocrx_word' id='word_1_57' title='bbox 709 734 781 774; x_wconf 80' lang='grc' dir='ltr'><em>διὰ</em></span> <span class='ocrx_word' id='word_1_58' title='bbox 817 734 865 775; x_wconf 88' lang='grc' dir='ltr'><em>τὸ</em></span> <span class='ocrx_word' id='word_1_59' title='bbox 903 734 1078 786; x_wconf 85' lang='grc' dir='ltr'><em>σχόλιον</em></span> <span class='ocrx_word' id='word_1_60' title='bbox 1115 732 1298 786; x_wconf 76' lang='grc' dir='ltr'><em>μάλιστα</em></span> <span class='ocrx_word' id='word_1_61' title='bbox 1333 737 1410 773; x_wconf 89' lang='grc' dir='ltr'><em>τοῦ</em></span> <span class='ocrx_word' id='word_1_62' title='bbox 1446 730 1487 774; x_wconf 59' lang='grc' dir='ltr'><em>ι”’</em></span> 
     </span>
     <span class='ocr_line' id='line_1_9' title="bbox 156 803 1493 858; baseline -0.001 -14"><span class='ocrx_word' id='word_1_63' title='bbox 156 804 450 858; x_wconf 75' lang='grc' dir='ltr'><em>θεωρήματος,</em></span> <span class='ocrx_word' id='word_1_64' title='bbox 483 803 592 845; x_wconf 85' lang='grc' dir='ltr'><em>ὅπου</em></span> <span class='ocrx_word' id='word_1_65' title='bbox 624 810 802 857; x_wconf 83' lang='grc' dir='ltr'><em>σημεῖον</em></span> <span class='ocrx_word' id='word_1_66' title='bbox 832 803 931 844; x_wconf 78' lang='grc' dir='ltr'><em>τόδε</em></span> <span class='ocrx_word' id='word_1_67' title='bbox 962 805 1006 843; x_wconf 92' lang='grc' dir='ltr'><em>Ρ.</em></span> <span class='ocrx_word' id='word_1_68' title='bbox 1491 812 1493 814; x_wconf 84' lang='grc'><em>“</em></span> 
     </span>
    </p>
   </div>
   <div class='ocr_carea' id='block_1_4' title="bbox 90 940 1520 1748">
    <p class='ocr_par' dir='ltr' id='par_1_4' title="bbox 619 940 1024 996">
     <span class='ocr_line' id='line_1_10' title="bbox 619 940 1024 996; baseline -0.002 -13"><span class='ocrx_word' id='word_1_69' title='bbox 619 941 688 983; x_wconf 87' lang='lat' dir='ltr'><em>Ad</em></span> <span class='ocrx_word' id='word_1_70' title='bbox 717 956 835 996; x_wconf 86' lang='lat' dir='ltr'>prop.</span> <span class='ocrx_word' id='word_1_71' title='bbox 867 940 1024 983; x_wconf 89' lang='lat' dir='ltr'>XXIII.</span> 
     </span>
    </p>

    <p class='ocr_par' dir='ltr' id='par_1_5' title="bbox 90 1015 1518 1287">
     <span class='ocr_line' id='line_1_11' title="bbox 90 1015 1498 1076; baseline 0.001 -15"><span class='ocrx_word' id='word_1_72' title='bbox 90 1031 133 1061; x_wconf 88' lang='lat'><em>10</em></span> <span class='ocrx_word' id='word_1_73' title='bbox 249 1025 313 1065; x_wconf 85' lang='lat'><strong>72.</strong></span> <span class='ocrx_word' id='word_1_74' title='bbox 341 1022 493 1064; x_wconf 73' lang='grc' dir='ltr'><em>’Έσται</em></span> <span class='ocrx_word' id='word_1_75' title='bbox 529 1020 602 1063; x_wconf 81' lang='grc' dir='ltr'><em>καὶ</em></span> <span class='ocrx_word' id='word_1_76' title='bbox 638 1025 793 1064; x_wconf 84' lang='grc' dir='ltr'><em>λοιποῦ</em></span> <span class='ocrx_word' id='word_1_77' title='bbox 827 1028 906 1063; x_wconf 86' lang='grc' dir='ltr'><em>τοῦ</em></span> <span class='ocrx_word' id='word_1_78' title='bbox 937 1024 1019 1063; x_wconf 89' lang='grc' dir='ltr'><em>ΕΒ</em></span> <span class='ocrx_word' id='word_1_79' title='bbox 1055 1037 1094 1076; x_wconf 89' lang='grc' dir='ltr'><em>Ρ.</em></span> <span class='ocrx_word' id='word_1_80' title='bbox 1127 1022 1194 1075; x_wconf 75' lang='grc'><em>42,</em></span> <span class='ocrx_word' id='word_1_81' title='bbox 1226 1021 1301 1075; x_wconf 83' lang='grc'><em>21]</em></span> <span class='ocrx_word' id='word_1_82' title='bbox 1347 1020 1420 1062; x_wconf 78' lang='grc' dir='ltr'><em>ἐὰν</em></span> <span class='ocrx_word' id='word_1_83' title='bbox 1454 1015 1498 1076; x_wconf 73' lang='grc' dir='ltr'><em>ᾖ</em></span> 
     </span>
     <span class='ocr_line' id='line_1_12' title="bbox 161 1088 1484 1147; baseline -0.003 -12"><span class='ocrx_word' id='word_1_84' title='bbox 161 1094 220 1143; x_wconf 85' lang='grc' dir='ltr'><em>ὡς</em></span> <span class='ocrx_word' id='word_1_85' title='bbox 259 1093 363 1135; x_wconf 83' lang='grc' dir='ltr'><em>ὅλον</em></span> <span class='ocrx_word' id='word_1_86' title='bbox 405 1093 513 1147; x_wconf 78' lang='grc' dir='ltr'><em>πρὸς</em></span> <span class='ocrx_word' id='word_1_87' title='bbox 550 1092 672 1145; x_wconf 93' lang='grc' dir='ltr'><em>ὅλον,</em></span> <span class='ocrx_word' id='word_1_88' title='bbox 716 1092 854 1140; x_wconf 82' lang='grc' dir='ltr'><em>οὕτως</em></span> <span class='ocrx_word' id='word_1_89' title='bbox 890 1088 1132 1146; x_wconf 75' lang='grc' dir='ltr'><em>ἀφαιρεθὲν</em></span> <span class='ocrx_word' id='word_1_90' title='bbox 1168 1091 1275 1145; x_wconf 77' lang='grc' dir='ltr'><em>πρὸς</em></span> <span class='ocrx_word' id='word_1_91' title='bbox 1312 1089 1484 1145; x_wconf 79' lang='grc' dir='ltr'><em>ἀφαιρε-</em></span> 
     </span>
     <span class='ocr_line' id='line_1_13' title="bbox 159 1159 1482 1217; baseline -0.003 -13"><span class='ocrx_word' id='word_1_92' title='bbox 159 1162 261 1217; x_wconf 81' lang='grc' dir='ltr'><em>θέν,</em></span> <span class='ocrx_word' id='word_1_93' title='bbox 303 1160 376 1203; x_wconf 83' lang='grc' dir='ltr'><em>καὶ</em></span> <span class='ocrx_word' id='word_1_94' title='bbox 418 1162 466 1203; x_wconf 89' lang='grc' dir='ltr'><em>τὸ</em></span> <span class='ocrx_word' id='word_1_95' title='bbox 505 1162 658 1203; x_wconf 82' lang='grc' dir='ltr'><em>λοιπὸν</em></span> <span class='ocrx_word' id='word_1_96' title='bbox 699 1161 807 1216; x_wconf 78' lang='grc' dir='ltr'><em>πρὸς</em></span> <span class='ocrx_word' id='word_1_97' title='bbox 843 1161 891 1201; x_wconf 87' lang='grc' dir='ltr'><em>τὸ</em></span> <span class='ocrx_word' id='word_1_98' title='bbox 930 1160 1082 1201; x_wconf 87' lang='grc' dir='ltr'><em>λοιπὸν</em></span> <span class='ocrx_word' id='word_1_99' title='bbox 1126 1161 1243 1201; x_wconf 85' lang='grc' dir='ltr'><em>ἔσται</em></span> <span class='ocrx_word' id='word_1_100' title='bbox 1281 1159 1339 1208; x_wconf 83' lang='grc' dir='ltr'><em>ὡς</em></span> <span class='ocrx_word' id='word_1_101' title='bbox 1381 1159 1482 1201; x_wconf 84' lang='grc' dir='ltr'><em>ὅλον</em></span> 
     </span>
     <span class='ocr_line' id='line_1_14' title="bbox 163 1232 418 1287; baseline -0.004 -13"><span class='ocrx_word' id='word_1_102' title='bbox 163 1232 273 1287; x_wconf 76' lang='grc' dir='ltr'><em>πρὸς</em></span> <span class='ocrx_word' id='word_1_103' title='bbox 304 1232 418 1273; x_wconf 89' lang='grc' dir='ltr'><em>ὅλον.</em></span> 
     </span>
    </p>

    <p class='ocr_par' dir='ltr' id='par_1_6' title="bbox 252 1319 1495 1377">
     <span class='ocr_line' id='line_1_15' title="bbox 252 1319 1495 1377; baseline -0.003 -11"><span class='ocrx_word' id='word_1_104' title='bbox 252 1326 318 1366; x_wconf 84' lang='grc'><em>73.</em></span> <span class='ocrx_word' id='word_1_105' title='bbox 361 1323 406 1365; x_wconf 89' lang='lat' dir='ltr'><em>P.</em></span> <span class='ocrx_word' id='word_1_106' title='bbox 437 1324 507 1377; x_wconf 82' lang='grc'><em>44,</em></span> <span class='ocrx_word' id='word_1_107' title='bbox 539 1322 584 1377; x_wconf 83' lang='grc'><em>5]</em></span> <span class='ocrx_word' id='word_1_108' title='bbox 622 1323 695 1364; x_wconf 80' lang='grc' dir='ltr'><em>διὰ</em></span> <span class='ocrx_word' id='word_1_109' title='bbox 731 1320 810 1376; x_wconf 75' lang='grc' dir='ltr'><em>μὲν</em></span> <span class='ocrx_word' id='word_1_110' title='bbox 845 1323 893 1363; x_wconf 88' lang='grc' dir='ltr'><em>τὸ</em></span> <span class='ocrx_word' id='word_1_111' title='bbox 928 1321 964 1363; x_wconf 88' lang='grc' dir='ltr'><em>ε’</em></span> <span class='ocrx_word' id='word_1_112' title='bbox 995 1322 1151 1363; x_wconf 89' lang='grc' dir='ltr'><em>τούτου</em></span> <span class='ocrx_word' id='word_1_113' title='bbox 1188 1326 1266 1362; x_wconf 86' lang='grc' dir='ltr'><em>τοῦ</em></span> <span class='ocrx_word' id='word_1_114' title='bbox 1299 1323 1378 1362; x_wconf 89' lang='grc' dir='ltr'><em>ΓΔ</em></span> <span class='ocrx_word' id='word_1_115' title='bbox 1413 1319 1495 1375; x_wconf 36' lang='grc' dir='ltr'>καὶ.»</span> 
     </span>
    </p>

    <p class='ocr_par' dir='ltr' id='par_1_7' title="bbox 90 1390 1497 1450">
     <span class='ocr_line' id='line_1_16' title="bbox 90 1390 1497 1450; baseline -0.001 -19"><span class='ocrx_word' id='word_1_116' title='bbox 90 1400 132 1431; x_wconf 81' lang='grc'><em>15</em></span> <span class='ocrx_word' id='word_1_117' title='bbox 158 1395 267 1450; x_wconf 77' lang='grc' dir='ltr'><em>πρὸς</em></span> <span class='ocrx_word' id='word_1_118' title='bbox 296 1394 344 1435; x_wconf 89' lang='grc' dir='ltr'><em>τὸ</em></span> <span class='ocrx_word' id='word_1_119' title='bbox 378 1395 458 1434; x_wconf 93' lang='grc' dir='ltr'><em>ΓΖ</em></span> <span class='ocrx_word' id='word_1_120' title='bbox 490 1394 617 1445; x_wconf 87' lang='grc' dir='ltr'><em>λόγος</em></span> <span class='ocrx_word' id='word_1_121' title='bbox 649 1390 738 1433; x_wconf 81' lang='grc' dir='ltr'><em>ἐστὶ</em></span> <span class='ocrx_word' id='word_1_122' title='bbox 767 1392 927 1440; x_wconf 79' lang='grc' dir='ltr'><em>δοθείς.</em></span> <span class='ocrx_word' id='word_1_123' title='bbox 1472 1406 1497 1448; x_wconf 40' lang='grc' dir='ltr'><em>*ᾗ</em></span> 
     </span>
    </p>

    <p class='ocr_par' dir='ltr' id='par_1_8' title="bbox 158 1483 1520 1748">
     <span class='ocr_line' id='line_1_17' title="bbox 251 1483 1496 1540; baseline -0.001 -14"><span class='ocrx_word' id='word_1_124' title='bbox 251 1487 317 1527; x_wconf 84' lang='grc'><em>74.</em></span> <span class='ocrx_word' id='word_1_125' title='bbox 366 1485 410 1526; x_wconf 89' lang='lat' dir='ltr'><em>P.</em></span> <span class='ocrx_word' id='word_1_126' title='bbox 443 1486 520 1540; x_wconf 82' lang='lat'><strong>44,</strong></span> <span class='ocrx_word' id='word_1_127' title='bbox 560 1485 611 1539; x_wconf 85' lang='lat'><em>6]</em></span> <span class='ocrx_word' id='word_1_128' title='bbox 657 1483 955 1540; x_wconf 80' lang='grc' dir='ltr'><strong><em>συμπέρασμα·</em></strong></span> <span class='ocrx_word' id='word_1_129' title='bbox 1000 1483 1107 1524; x_wconf 82' lang='grc' dir='ltr'><em>ὥστε</em></span> <span class='ocrx_word' id='word_1_130' title='bbox 1143 1488 1221 1523; x_wconf 88' lang='grc' dir='ltr'><em>τοῦ</em></span> <span class='ocrx_word' id='word_1_131' title='bbox 1260 1485 1339 1524; x_wconf 90' lang='grc' dir='ltr'><em>ΓΛ</em></span> <span class='ocrx_word' id='word_1_132' title='bbox 1380 1483 1496 1540; x_wconf 58' lang='grc' dir='ltr'><em>πρὸςξ»</em></span> 
     </span>
     <span class='ocr_line' id='line_1_18' title="bbox 159 1543 1497 1608; baseline -0.003 -11"><span class='ocrx_word' id='word_1_133' title='bbox 159 1555 340 1598; x_wconf 79' lang='grc' dir='ltr'><em>ἕκαστον</em></span> <span class='ocrx_word' id='word_1_134' title='bbox 371 1562 457 1596; x_wconf 89' lang='grc' dir='ltr'><em>τῶν</em></span> <span class='ocrx_word' id='word_1_135' title='bbox 490 1556 582 1608; x_wconf 92' lang='grc' dir='ltr'><em>ΓΖ,</em></span> <span class='ocrx_word' id='word_1_136' title='bbox 612 1557 691 1596; x_wconf 90' lang='grc' dir='ltr'><em>ΖΔ</em></span> <span class='ocrx_word' id='word_1_137' title='bbox 729 1556 856 1607; x_wconf 83' lang='grc' dir='ltr'><em>λόγος</em></span> <span class='ocrx_word' id='word_1_138' title='bbox 890 1554 1055 1602; x_wconf 79' lang='grc' dir='ltr'><em>δοθείς·</em></span> <span class='ocrx_word' id='word_1_139' title='bbox 1094 1554 1182 1594; x_wconf 80' lang='grc' dir='ltr'><em>ἔστι</em></span> <span class='ocrx_word' id='word_1_140' title='bbox 1214 1549 1262 1593; x_wconf 73' lang='grc' dir='ltr'><em>δὲ</em></span> <span class='ocrx_word' id='word_1_141' title='bbox 1291 1558 1368 1593; x_wconf 90' lang='grc' dir='ltr'><em>τοῦ</em></span> <span class='ocrx_word' id='word_1_142' title='bbox 1399 1543 1497 1594; x_wconf 66' lang='grc' dir='ltr'><em>ΑΒῙῘ</em></span> 
     </span>
     <span class='ocr_line' id='line_1_19' title="bbox 158 1620 1491 1680; baseline -0.004 -13"><span class='ocrx_word' id='word_1_143' title='bbox 158 1626 267 1680; x_wconf 74' lang='grc' dir='ltr'><em>πρὸς</em></span> <span class='ocrx_word' id='word_1_144' title='bbox 293 1626 372 1665; x_wconf 92' lang='grc' dir='ltr'><em>ΓΖ</em></span> <span class='ocrx_word' id='word_1_145' title='bbox 404 1625 532 1677; x_wconf 91' lang='grc' dir='ltr'><em>λόγος</em></span> <span class='ocrx_word' id='word_1_146' title='bbox 557 1624 722 1672; x_wconf 81' lang='grc' dir='ltr'><em>δοθείς’</em></span> <span class='ocrx_word' id='word_1_147' title='bbox 755 1622 826 1664; x_wconf 81' lang='grc' dir='ltr'><em>καὶ</em></span> <span class='ocrx_word' id='word_1_148' title='bbox 857 1628 934 1663; x_wconf 88' lang='grc' dir='ltr'><em>τοῦ</em></span> <span class='ocrx_word' id='word_1_149' title='bbox 963 1624 1048 1662; x_wconf 89' lang='grc' dir='ltr'><em>ΑΒ</em></span> <span class='ocrx_word' id='word_1_150' title='bbox 1081 1622 1164 1677; x_wconf 75' lang='grc' dir='ltr'><em>ἄρα</em></span> <span class='ocrx_word' id='word_1_151' title='bbox 1194 1622 1302 1677; x_wconf 79' lang='grc' dir='ltr'><em>πρὸς</em></span> <span class='ocrx_word' id='word_1_152' title='bbox 1332 1622 1379 1663; x_wconf 91' lang='grc' dir='ltr'><em>τὸ</em></span> <span class='ocrx_word' id='word_1_153' title='bbox 1406 1620 1491 1663; x_wconf 52' lang='grc' dir='ltr'><em>ΓΖῙ</em></span> 
     </span>
     <span class='ocr_line' id='line_1_20' title="bbox 161 1692 1520 1748; baseline -0.004 -12"><span class='ocrx_word' id='word_1_154' title='bbox 161 1697 288 1748; x_wconf 82' lang='grc' dir='ltr'><em>λόγος</em></span> <span class='ocrx_word' id='word_1_155' title='bbox 319 1692 408 1735; x_wconf 85' lang='grc' dir='ltr'><em>ἐστὶ</em></span> <span class='ocrx_word' id='word_1_156' title='bbox 440 1692 590 1742; x_wconf 80' lang='grc' dir='ltr'><em>δοθεὶς</em></span> <span class='ocrx_word' id='word_1_157' title='bbox 619 1692 690 1734; x_wconf 83' lang='grc' dir='ltr'><em>καὶ</em></span> <span class='ocrx_word' id='word_1_158' title='bbox 720 1693 829 1747; x_wconf 81' lang='grc' dir='ltr'><em>πρὸς</em></span> <span class='ocrx_word' id='word_1_159' title='bbox 859 1693 906 1733; x_wconf 87' lang='grc' dir='ltr'><em>τὸ</em></span> <span class='ocrx_word' id='word_1_160' title='bbox 941 1695 1037 1732; x_wconf 90' lang='grc' dir='ltr'><em>ΖΔ.</em></span> <span class='ocrx_word' id='word_1_161' title='bbox 1518 1700 1520 1742; x_wconf 49' lang='grc' dir='ltr'><strong><em>ᾗ</em></strong></span> 
     </span>
    </p>
   </div>
   <div class='ocr_carea' id='block_1_5' title="bbox 90 1783 1487 1911">
    <p class='ocr_par' dir='ltr' id='par_1_9' title="bbox 90 1783 1487 1911">
     <span class='ocr_line' id='line_1_21' title="bbox 90 1783 1487 1841; baseline -0.004 -12"><span class='ocrx_word' id='word_1_162' title='bbox 90 1794 136 1826; x_wconf 83' lang='lat'><em>20</em></span> <span class='ocrx_word' id='word_1_163' title='bbox 250 1788 315 1829; x_wconf 82' lang='lat'><em>75.</em></span> <span class='ocrx_word' id='word_1_164' title='bbox 365 1785 493 1828; x_wconf 84' lang='grc' dir='ltr'><em>Ὥστε</em></span> <span class='ocrx_word' id='word_1_165' title='bbox 538 1786 714 1828; x_wconf 78' lang='grc' dir='ltr'><em>πάντων</em></span> <span class='ocrx_word' id='word_1_166' title='bbox 755 1785 863 1841; x_wconf 77' lang='grc' dir='ltr'><em>πρὸς</em></span> <span class='ocrx_word' id='word_1_167' title='bbox 904 1784 1044 1825; x_wconf 78' lang='grc' dir='ltr'><em>πάντα</em></span> <span class='ocrx_word' id='word_1_168' title='bbox 1086 1798 1124 1837; x_wconf 89' lang='lat' dir='ltr'><em>p.</em></span> <span class='ocrx_word' id='word_1_169' title='bbox 1162 1784 1236 1837; x_wconf 89' lang='lat'><em>44,</em></span> <span class='ocrx_word' id='word_1_170' title='bbox 1280 1783 1330 1837; x_wconf 84' lang='lat'><em>8]</em></span> <span class='ocrx_word' id='word_1_171' title='bbox 1379 1783 1487 1824; x_wconf 75' lang='grc' dir='ltr'><em>ὥστε</em></span> 
     </span>
     <span class='ocr_line' id='line_1_22' title="bbox 160 1851 1487 1911; baseline -0.005 -12"><span class='ocrx_word' id='word_1_172' title='bbox 160 1857 232 1900; x_wconf 89' lang='grc' dir='ltr'><em>καὶ</em></span> <span class='ocrx_word' id='word_1_173' title='bbox 275 1862 353 1899; x_wconf 92' lang='grc' dir='ltr'><em>τοῦ</em></span> <span class='ocrx_word' id='word_1_174' title='bbox 390 1859 476 1898; x_wconf 92' lang='grc' dir='ltr'><em>ΑΒ</em></span> <span class='ocrx_word' id='word_1_175' title='bbox 518 1856 626 1911; x_wconf 82' lang='grc' dir='ltr'><em>πρὸς</em></span> <span class='ocrx_word' id='word_1_176' title='bbox 663 1858 751 1896; x_wconf 90' lang='grc' dir='ltr'><em>ΑΕ</em></span> <span class='ocrx_word' id='word_1_177' title='bbox 790 1852 862 1895; x_wconf 85' lang='grc' dir='ltr'><em>καὶ</em></span> <span class='ocrx_word' id='word_1_178' title='bbox 905 1856 987 1895; x_wconf 91' lang='grc' dir='ltr'><em>ΕΒ</em></span> <span class='ocrx_word' id='word_1_179' title='bbox 1033 1851 1138 1908; x_wconf 78' lang='grc' dir='ltr'><em>μέρη</em></span> <span class='ocrx_word' id='word_1_180' title='bbox 1182 1852 1316 1894; x_wconf 83' lang='grc' dir='ltr'><em>αὐτοῦ</em></span> <span class='ocrx_word' id='word_1_181' title='bbox 1360 1853 1487 1905; x_wconf 78' lang='grc' dir='ltr'><em>λόγος</em></span> 
     </span>
    </p>
   </div>
   <div class='ocr_carea' id='block_1_6' title="bbox 167 1959 445 1971">
    <p class='ocr_par' dir='ltr' id='par_1_10' title="bbox 167 1959 445 1971">
     <span class='ocr_line' id='line_1_23' title="bbox 167 1959 445 1971; baseline 0 0"><span class='ocrx_word' id='word_1_182' title='bbox 167 1959 445 1971; x_wconf 95' lang='lat' dir='ltr'><em> </em></span> 
     </span>
    </p>
   </div>
   <div class='ocr_carea' id='block_1_7' title="bbox 210 2011 1495 2111">
    <p class='ocr_par' dir='ltr' id='par_1_11' title="bbox 210 2011 1495 2111">
     <span class='ocr_line' id='line_1_24' title="bbox 257 2011 1495 2069; baseline -0.005 -5"><span class='ocrx_word' id='word_1_183' title='bbox 257 2034 309 2065; x_wconf 75' lang='grc' dir='ltr'><em>το.</em></span> <span class='ocrx_word' id='word_1_184' title='bbox 335 2029 421 2063; x_wconf 70' lang='grc' dir='ltr'><em>Ρη.</em></span> <span class='ocrx_word' id='word_1_185' title='bbox 497 2032 549 2063; x_wconf 83' lang='lat'><strong>71.</strong></span> <span class='ocrx_word' id='word_1_186' title='bbox 575 2027 924 2069; x_wconf 68' lang='lat' dir='ltr'><strong>PlVat.vM0n.90;</strong></span> <span class='ocrx_word' id='word_1_187' title='bbox 950 2025 1035 2059; x_wconf 73' lang='lat' dir='ltr'>inde</span> <span class='ocrx_word' id='word_1_188' title='bbox 1055 2036 1077 2059; x_wconf 76' lang='lat' dir='ltr'><strong>a</strong></span> <span class='ocrx_word' id='word_1_189' title='bbox 1095 2024 1195 2059; x_wconf 85' lang='lat' dir='ltr'><strong>uerb.</strong></span> <span class='ocrx_word' id='word_1_190' title='bbox 1216 2024 1279 2058; x_wconf 72' lang='grc' dir='ltr'><em>καὶ</em></span> <span class='ocrx_word' id='word_1_191' title='bbox 1303 2025 1431 2058; x_wconf 66' lang='grc' dir='ltr'><em>λοιποῦ</em></span> <span class='ocrx_word' id='word_1_192' title='bbox 1454 2011 1495 2058; x_wconf 75' lang='lat'><strong>2..</strong></span> 
     </span>
     <span class='ocr_line' id='line_1_25' title="bbox 210 2074 1495 2111; baseline -0.007 0"><span class='ocrx_word' id='word_1_193' title='bbox 210 2081 263 2111; x_wconf 81' lang='grc'><em>72.</em></span> <span class='ocrx_word' id='word_1_194' title='bbox 291 2075 413 2110; x_wconf 71' lang='grc' dir='ltr'><em>1’νσλ,</em></span> <span class='ocrx_word' id='word_1_195' title='bbox 512 2078 566 2109; x_wconf 85' lang='lat'><strong>73.</strong></span> <span class='ocrx_word' id='word_1_196' title='bbox 592 2074 657 2108; x_wconf 68' lang='lat'><strong>122.</strong></span> <span class='ocrx_word' id='word_1_197' title='bbox 755 2076 808 2108; x_wconf 81' lang='lat'><em>74.</em></span> <span class='ocrx_word' id='word_1_198' title='bbox 835 2084 867 2107; x_wconf 79' lang='lat' dir='ltr'><strong>V.</strong></span> <span class='ocrx_word' id='word_1_199' title='bbox 967 2075 1018 2106; x_wconf 80' lang='lat'><strong>75.</strong></span> <span class='ocrx_word' id='word_1_200' title='bbox 1045 2083 1078 2105; x_wconf 85' lang='lat' dir='ltr'><strong>v.</strong></span> <span class='ocrx_word' id='word_1_201' title='bbox 1491 2104 1495 2105; x_wconf 19' lang='lat'><em>⁷</em></span> 
     </span>
    </p>
   </div>
   <div class='ocr_carea' id='block_1_8' title="bbox 243 2171 364 2176">
    <p class='ocr_par' dir='ltr' id='par_1_12' title="bbox 243 2171 364 2176">
     <span class='ocr_line' id='line_1_26' title="bbox 243 2171 364 2176; baseline 0 0"><span class='ocrx_word' id='word_1_202' title='bbox 243 2171 364 2176; x_wconf 95' lang='lat' dir='ltr'><em> </em></span> 
     </span>
    </p>
   </div>
   <div class='ocr_carea' id='block_1_9' title="bbox 163 2183 1495 2375">
    <p class='ocr_par' dir='ltr' id='par_1_13' title="bbox 163 2183 1495 2375">
     <span class='ocr_line' id='line_1_27' title="bbox 256 2183 1495 2283; baseline -0.006 -11"><span class='ocrx_word' id='word_1_203' title='bbox 256 2241 287 2272; x_wconf 81' lang='lat'><strong>2.</strong></span> <span class='ocrx_word' id='word_1_204' title='bbox 314 2238 393 2283; x_wconf 88' lang='grc' dir='ltr'><em>τοῦ]</em></span> <span class='ocrx_word' id='word_1_205' title='bbox 419 2239 467 2283; x_wconf 84' lang='grc' dir='ltr'><em>τῷ</em></span> <span class='ocrx_word' id='word_1_206' title='bbox 492 2235 515 2271; x_wconf 93' lang='lat' dir='ltr'><strong>l.</strong></span> <span class='ocrx_word' id='word_1_207' title='bbox 613 2235 677 2281; x_wconf 83' lang='grc' dir='ltr'><em>ιε’]</em></span> <span class='ocrx_word' id='word_1_208' title='bbox 705 2235 756 2269; x_wconf 80' lang='grc' dir='ltr'><em>ιδ’</em></span> <span class='ocrx_word' id='word_1_209' title='bbox 783 2236 812 2269; x_wconf 83' lang='grc' dir='ltr'><em>λ.</em></span> <span class='ocrx_word' id='word_1_210' title='bbox 917 2237 948 2268; x_wconf 89' lang='lat'><em>5.</em></span> <span class='ocrx_word' id='word_1_211' title='bbox 976 2246 1030 2268; x_wconf 87' lang='grc' dir='ltr'><em>οτι</em></span> <span class='ocrx_word' id='word_1_212' title='bbox 1072 2243 1141 2267; x_wconf 92' lang='lat' dir='ltr'><strong>om.</strong></span> <span class='ocrx_word' id='word_1_213' title='bbox 1167 2232 1307 2267; x_wconf 62' lang='lat' dir='ltr'><strong>PlVass.</strong></span> <span class='ocrx_word' id='word_1_214' title='bbox 1316 2242 1381 2275; x_wconf 89' lang='lat' dir='ltr'><em>vc,</em></span> <span class='ocrx_word' id='word_1_215' title='bbox 1414 2183 1495 2265; x_wconf 56' lang='grc' dir='ltr'><em>ἐστέ</em></span> 
     </span>
     <span class='ocr_line' id='line_1_28' title="bbox 163 2232 1490 2366; baseline -0.006 -47"><span class='ocrx_word' id='word_1_216' title='bbox 163 2286 362 2366; x_wconf 35' lang='grc' dir='ltr'><em>(οοωΡέἒ-ρ.</em></span> <span class='ocrx_word' id='word_1_217' title='bbox 460 2286 490 2317; x_wconf 98' lang='grc'><em>8.</em></span> <span class='ocrx_word' id='word_1_218' title='bbox 519 2281 611 2317; x_wconf 80' lang='grc' dir='ltr'><em>ὅπου</em></span> <span class='ocrx_word' id='word_1_219' title='bbox 639 2302 675 2307; x_wconf 86' lang='lat'><em>——</em></span> <span class='ocrx_word' id='word_1_220' title='bbox 709 2282 755 2327; x_wconf 89' lang='lat' dir='ltr'><em>P]</em></span> <span class='ocrx_word' id='word_1_221' title='bbox 782 2291 850 2315; x_wconf 91' lang='lat' dir='ltr'><strong>om.</strong></span> <span class='ocrx_word' id='word_1_222' title='bbox 874 2292 906 2316; x_wconf 84' lang='lat' dir='ltr'><strong>v.</strong></span> <span class='ocrx_word' id='word_1_223' title='bbox 978 2232 1053 2337; x_wconf 71' lang='lat' dir='ltr'><em>P]]</em></span> <span class='ocrx_word' id='word_1_224' title='bbox 1077 2291 1146 2314; x_wconf 90' lang='lat' dir='ltr'><strong>om.</strong></span> <span class='ocrx_word' id='word_1_225' title='bbox 1167 2292 1197 2322; x_wconf 84' lang='grc' dir='ltr'><em>ρ.</em></span> <span class='ocrx_word' id='word_1_226' title='bbox 1295 2281 1347 2312; x_wconf 90' lang='grc'><em>10.</em></span> <span class='ocrx_word' id='word_1_227' title='bbox 1373 2259 1397 2323; x_wconf 81' lang='grc' dir='ltr'><em>ᾖ</em></span> <span class='ocrx_word' id='word_1_228' title='bbox 1423 2274 1490 2326; x_wconf 77' lang='grc' dir='ltr'><em>ὡς]</em></span> 
     </span>
     <span class='ocr_line' id='line_1_29' title="bbox 426 2325 1218 2375; baseline -0.006 -11"><span class='ocrx_word' id='word_1_229' title='bbox 426 2334 479 2364; x_wconf 92' lang='lat'><em>14.</em></span> <span class='ocrx_word' id='word_1_230' title='bbox 506 2327 587 2375; x_wconf 83' lang='grc' dir='ltr'><em>μέν]</em></span> <span class='ocrx_word' id='word_1_231' title='bbox 614 2330 836 2372; x_wconf 75' lang='lat' dir='ltr'><strong>suspectum.</strong></span> <span class='ocrx_word' id='word_1_232' title='bbox 935 2329 988 2361; x_wconf 88' lang='lat'><strong>18.</strong></span> <span class='ocrx_word' id='word_1_233' title='bbox 1014 2325 1071 2372; x_wconf 86' lang='grc' dir='ltr'><em>τό]</em></span> <span class='ocrx_word' id='word_1_234' title='bbox 1095 2325 1160 2361; x_wconf 86' lang='grc' dir='ltr'><em>τόν</em></span> <span class='ocrx_word' id='word_1_235' title='bbox 1186 2337 1218 2360; x_wconf 85' lang='lat' dir='ltr'><strong>v.</strong></span> 
     </span>
    </p>
   </div>
  </div>
 </body>
</html>
