1520 2508
101 530 122 560 5

80 876 124 908 10

83 1223 126 1254 15

84 1570 129 1601 20

144 104 201 146 56
678 106 947 142 AEAOMENA.

772 232 853 287 λγ’.

232 313 332 356 Ἐὰν
370 315 432 363 εἰς
461 315 764 369 παραλλήλους
799 321 849 370 τῇ
880 313 1002 356 θέσει
1037 314 1274 370 δεδομένας
1304 291 1485 375 εὐθείαςὲ

149 383 299 425 εὐθεῖα
331 385 503 439 γραμμὴ
535 383 650 439 ἀχθῇ
683 383 891 438 δεδομένη
923 390 982 440 τῷ
1014 383 1207 439 μεγέθει,
1244 384 1483 439 δεδομέναςξ->

147 454 317 507 ποιήσει
347 455 520 506 γωνίας.

235 523 296 571 εἰς
331 523 410 578 γὰρ
447 524 750 578 παραλλήλους
785 529 836 578 τῇ
872 521 994 564 θέσει
1032 521 1266 577 δεδομένας
1300 519 1489 574 εὐθείαςζ

148 592 223 641 τὰς
260 594 360 646 AB,
387 594 466 633 ΓΔ
503 592 652 633 εὐθεῖα
689 593 860 647 γραμμὴ
897 593 1020 646 ἤχθω
1057 591 1083 646 ἡ
1121 595 1223 646 ΕΖ,
1267 591 1486 650 δεδομένη

148 667 207 717 τῷ
239 659 424 716 μεγέθει.
486 659 615 715 λέγω,
651 661 716 702 ὅτι
749 660 983 715 δεδομένας
1013 662 1183 715 ποιήσει
1214 663 1374 714 γωνίας
1403 662 1484 714 τὰς,

148 730 234 772 ὑπὸ
265 737 353 772 τῶν
383 733 524 784 ΒΕΖ,
549 733 686 772 ΕΖΔ.

240 801 438 854 εἰλήφθω
470 800 552 854 γὰρ
585 798 654 841 ἐπὶ
678 805 753 853 τῆς
777 802 863 840 AB
896 798 1032 841 δοθὲν
1057 806 1234 854 σημεῖον
1259 799 1307 841 τὸ
1333 802 1384 841 Η
1407 798 1478 842 καὶ

150 869 223 910 διὰ
253 874 331 910 τοῦ
356 871 408 910 Η
434 875 486 924 τῇ
517 871 601 910 ΕΖ
631 868 904 923 παράλληλος
934 870 1059 923 ἤχθω
1089 868 1115 922 ἡ
1140 872 1244 918 ΗΘ.
1295 872 1365 922 ἴση
1396 869 1478 924 ἄρα

151 936 268 980 ἐστὶν
298 937 324 991 ἡ
353 941 436 979 ΖΕ
466 944 516 993 τῇ
542 940 645 979 ΗΘ.
696 938 878 980 δοθεῖσα
910 936 957 979 δὲ
987 937 1013 992 ἡ
1045 941 1144 979 ΕΖ·
1182 939 1365 980 δοθεῖσα
1397 938 1486 994 ἄρα

149 1005 221 1048 καὶ
251 1006 278 1060 ἡ
309 1009 414 1048 ΗΘ.
462 1009 539 1048 καί
567 1006 655 1048 ἐστι
685 1007 734 1048 τὸ
764 1010 816 1048 Η
842 1006 989 1049 δοθέν.
1039 1007 1062 1050 ὁ
1094 1008 1177 1063 ἄρα
1207 1006 1370 1064 κέντρῳ
1402 1005 1478 1062 μὲν

150 1082 209 1133 τῷ
236 1078 296 1130 Η,
328 1077 583 1131 διαστήματι
609 1074 656 1117 δὲ
681 1083 740 1133 τῷ
762 1079 855 1118 ΗΘ
883 1077 1041 1126 κύκλος
1065 1079 1338 1132 γραφόμενος
1363 1078 1478 1119 ἔσται

150 1153 201 1201 τῇ
237 1145 374 1188 θέσει.
434 1146 672 1201 γεγράφθω
715 1145 787 1188 καὶ
830 1148 936 1188 ἔστω
974 1146 997 1188 ὁ
1035 1148 1178 1188 ΚΘΛ.
1238 1145 1360 1188 θέσει
1397 1147 1478 1201 ἄρα

152 1213 272 1257 ἐστὶν
302 1215 325 1258 ὁ
357 1218 401 1256 K
409 1218 498 1257 ΘΛ.
557 1214 679 1257 θέσει
716 1213 762 1256 δὲ
793 1213 865 1256 καὶ
895 1214 921 1269 ἡ
954 1217 1044 1257 ΓΔ.
1106 1213 1242 1256 δοθὲν
1273 1216 1356 1270 ἄρα
1391 1211 1478 1257 ε’στὶ

151 1285 199 1327 τὸ
233 1288 270 1327 Θ
308 1292 498 1339 σημεῖον.
565 1286 653 1326 ἔστι
691 1282 738 1326 δὲ
775 1283 847 1326 καὶ
878 1284 927 1326 τὸ
958 1287 1009 1326 Η
1039 1283 1192 1326 δοθέν·
1235 1283 1359 1326 θέσει
1396 1284 1477 1339 ἄρα

152 1353 270 1397 ἐστὶν
300 1355 326 1408 ἡ
357 1357 460 1396 ΗΘ.
510 1352 630 1396 θέσει
662 1351 710 1395 δὲ
739 1352 812 1395 καὶ
842 1353 868 1407 ἡ
896 1355 985 1395 ΓΔ.
1035 1355 1217 1396 δοθεῖσα
1248 1354 1330 1409 ἄρα
1362 1351 1478 1395 ἐστὶν

151 1423 176 1477 ἡ
207 1422 294 1465 ὑπὸ
319 1430 407 1464 τῶν
438 1425 489 1464 Η
496 1426 576 1464 ΘΔ
606 1424 756 1476 γωνία.
814 1424 890 1464 καί
917 1422 1006 1464 ἐστι
1037 1430 1088 1478 τῇ
1119 1422 1204 1464 ὑπὸ
1235 1430 1323 1464 τῶν
1353 1425 1478 1464 ΕΖΔ

153 1496 238 1547 ἴση.
299 1492 481 1534 δοθεῖσα
517 1493 600 1547 ἄρα
636 1490 708 1533 καὶ
745 1492 770 1546 ἡ
807 1491 892 1533 ὑπὸ
928 1499 1016 1533 τῶν
1046 1495 1184 1533 ΕΖΔ.
1245 1490 1316 1533 καὶ
1352 1491 1477 1546 λοιπὴ

155 1563 238 1618 ἄρα
272 1561 296 1615 ἡ
327 1561 413 1604 ὑπὸ
445 1568 533 1603 τῶν
559 1563 684 1603 ΖΕΒ
719 1561 902 1603 δοθεῖσα
933 1561 1062 1603 ἐστιν.

776 1688 829 1729 λδ
836 1687 858 1729 ’.

237 1768 338 1811 Ἐὰν
369 1770 430 1818 εἰς
460 1770 764 1824 παραλλήλους
799 1774 849 1823 τῇ
881 1766 1002 1809 θέσει
1040 1767 1273 1822 δεδομένας
1308 1767 1480 1816 εὐθείας

155 1839 238 1881 ἀπὸ
271 1836 508 1893 δεδομένου
534 1840 713 1893 σημείου
739 1838 890 1880 εὐθεῖα
915 1838 1088 1891 γραμμὴ
1114 1837 1243 1893 ἀχθῇ,
1274 1838 1335 1887 εἰς
1360 1837 1479 1878 δεδο-

155 1907 288 1963 μένον
318 1910 451 1961 λόγον
481 1908 757 1962 τμηθήσεται.

249 2059 279 2090 5.
313 2053 403 2101 γάρ]
437 2066 546 2100 supra
577 2055 661 2091 add.
693 2067 739 2090 m.
767 2058 787 2089 2
819 2066 851 2089 v.
972 2057 1002 2088 8.
1036 2054 1123 2099 τῶν]
1157 2054 1226 2089 del.
1258 2066 1304 2089 m.
1332 2058 1352 2087 2
1384 2053 1478 2097 Vat„

156 2113 225 2136 om.
253 2112 284 2136 a.
384 2105 437 2136 11.
464 2101 553 2136 Post
579 2103 648 2136 EZ
674 2101 758 2136 add.
786 2098 934 2145 μεγέθει
959 2099 1119 2135 PVat.v.
1219 2103 1271 2134 12.
1298 2099 1354 2146 τό]
1379 2104 1422 2145 τῇ
1446 2109 1477 2134 a.

204 2151 257 2182 13.
284 2148 431 2193 κύκλος]
459 2158 573 2192 comp.
595 2159 627 2183 a.
726 2151 779 2182 14.
805 2147 894 2181 Post
912 2145 1015 2181 θέσει
1028 2148 1108 2191 (pr.)
1128 2146 1211 2181 add.
1233 2144 1429 2190 δεδομένος
1446 2155 1478 2180 a..

203 2192 406 2238 γεγράφθω
435 2215 473 2219 -
501 2205 535 2238 p.
563 2197 618 2238 58,
646 2197 698 2228 10.
726 2191 843 2228 δοθὲν
868 2191 956 2239 ἄρα]
989 2203 1057 2228 om.
1084 2191 1144 2226 hic
1169 2203 1208 2235 a;
1246 2203 1370 2227 eorum
1399 2191 1479 2226 loco

154 2242 304 2285 propter
322 2239 670 2275 transmutationem
682 2239 854 2274 foliorum
874 2241 920 2283 (u.
933 2239 1063 2284 praef.)
1081 2238 1312 2283 reperiuntur
1323 2250 1357 2283 p.
1369 2242 1421 2282 76,
1436 2239 1479 2271 16

156 2287 335 2332 τριγώνου
369 2307 408 2311 -
441 2298 475 2330 p.
506 2289 560 2330 80,
594 2290 612 2320 7
646 2286 704 2320 ἐπὶ
733 2286 800 2331 τὴν
831 2288 907 2320 ΑΓ.
1029 2288 1081 2319 18.
1118 2285 1254 2330 ΗΘΔ]
1288 2286 1354 2320 ΘΔ
1383 2283 1479 2327 Vah,

1493 2431 1520 2508 3
