1520 2508
486 112 539 144 IN
562 111 789 145 Eucmms
813 111 952 145 DATA.
1315 110 1404 153 245

6 191 7 244 Ῑ
55 207 168 250 inter
205 221 249 249 se
288 206 501 248 differunt.
565 206 738 261 spiralis
777 206 893 248 enim
932 206 1172 249 ordinata
1208 210 1292 263 est,
1330 207 1406 250 sed

53 277 120 334 iis,
151 277 223 332 qui
256 280 354 319 ante
385 276 692 319 Archimedem
723 277 913 334 fuerunt,
942 277 1148 333 parabilis
1179 292 1269 320 non
1300 281 1403 321 erat.

4 352 6 358 ’
53 352 179 403 atque
205 363 267 404 ea,
292 362 400 403 quae
426 348 608 390 infinitis
635 348 774 390 modis
795 349 907 390 fiunt
933 352 976 390 et
1000 348 1258 405 inordinate,
1282 364 1406 404 para-

0 430 6 472 3³
53 419 156 462 bilia
193 421 310 473 sunt,
349 418 386 460 si
423 418 520 474 quis
559 419 929 460 constructionem
968 421 1011 460 et
1047 419 1404 462 constitutionem

0 538 5 552 ι
47 504 201 533 80111111
221 489 450 545 excogitet,
474 503 612 544 neque
634 503 737 531 uero
759 489 908 531 eadem
929 489 1135 532 ordinata.
1186 490 1307 532 uelut
1332 490 1407 532 tri-

3 574 5 581 ’
54 560 255 617 angulum
277 559 494 602 scalenum
516 560 762 616 excogitare
786 563 830 602 et
850 561 903 602 ad
924 560 1292 603 constructionem
1312 561 1404 603 eius

2 668 3 671 ,
46 631 254 674 deducere
287 630 597 687 cogitationem
630 631 684 673 ab
717 632 982 686 aequilatero
1009 631 1184 674 difficile
1209 646 1299 674 non
1327 635 1406 688 est,

2 746 3 750 ,
55 703 126 745 sed
163 701 289 744 facile
326 701 470 757 parari
507 704 672 758 potest,
715 702 819 744 licet
865 702 922 744 sit
968 717 1019 744 ex
1062 702 1136 758 iis,
1181 717 1290 757 quae
1331 703 1407 744 in-

0 780 2 782 '
54 773 288 816 ordinata
320 775 363 814 et
393 772 679 814 indefinita
712 776 824 815 sunt.

140 844 287 886 eadem
336 846 481 886 autem
530 843 642 885 ratio
693 847 759 886 est
809 844 940 886 etiam
983 844 1098 886 inter
1147 844 1404 888 rationale

0 934 2 958 :
51 914 462 969 irrationaleque
508 917 551 956 et
589 914 883 957 ordinatum
926 915 1406 973 inordinatumque3

0 1019 1 1022 η
51 999 150 1028 nam
193 1000 291 1028 cum
334 985 482 1027 multis
526 986 654 1027 rebus
691 986 806 1028 inter
844 1001 888 1028 se
933 989 1120 1042 cognata
1161 986 1266 1042 sint,
1309 989 1404 1029 tum

53 1056 253 1099 differunt
291 1071 360 1112 eo,
398 1071 483 1112 quo
525 1056 632 1112 dixi,
669 1057 811 1098 modo.
884 1071 1023 1112 neque
1062 1057 1177 1099 enim
1213 1057 1328 1100 inter
1359 1072 1405 1100 88

51 1127 172 1182 paria
203 1130 304 1169 sunt
335 1141 474 1182 neque
507 1127 691 1169 alterum
726 1127 910 1169 alterum
937 1128 1251 1182 complectitur.
1302 1143 1405 1171 nam

54 1197 167 1240 linea
191 1200 311 1239 recta
336 1212 388 1239 ex
407 1198 576 1240 duobus
601 1197 852 1240 nominibus
879 1201 922 1240 et
942 1213 1052 1253 quae
1071 1201 1214 1241 rectae
1238 1199 1408 1241 irratio-

53 1267 170 1310 nales
192 1267 254 1310 sic
274 1268 562 1323 deprehensae
584 1271 698 1325 sunt,
719 1269 941 1311 ordinatae
963 1272 1076 1325 sunt,
1101 1284 1240 1324 neque
1259 1272 1408 1311 tamen

55 1339 225 1383 eaedem
255 1338 508 1394 rationales,
542 1342 670 1394 atque
697 1339 824 1396 ratio,
856 1355 986 1394 quam
1010 1339 1145 1381 habet
1172 1339 1407 1382 diametrus

48 1411 106 1453 ¹ad
135 1410 260 1452 latus.
323 1410 462 1451 multa
499 1413 645 1452 autem
678 1410 810 1452 etiam
845 1425 897 1452 ex
927 1410 1216 1452 rationalibus
1247 1410 1408 1452 inordi-

53 1483 155 1523 nata
186 1482 306 1535 sunt,
343 1480 465 1522 uelut
503 1495 570 1535 ea,
609 1496 718 1536 quae
750 1480 900 1523 multis
933 1480 1073 1522 modis
1109 1483 1153 1522 et
1183 1479 1407 1523 indefinite

52 1551 177 1608 fiunt3
219 1551 322 1593 licet
366 1551 480 1593 enim
518 1551 652 1594 etiam
689 1552 911 1594 scalenum
948 1551 1217 1607 triangulum
1260 1551 1406 1593 metiri

52 1622 273 1678 proposita
303 1624 347 1663 et
372 1621 550 1664 definita
574 1637 775 1665 mensura
799 1622 1017 1678 rationali,
1048 1636 1312 1677 quamquam
1337 1625 1404 1665 est

52 1691 354 1735 inordinatum.

139 1763 251 1805 noti
289 1766 435 1805 autem
472 1766 516 1805 et
545 1763 802 1819 parabilis
842 1763 1173 1806 similitudinem
1204 1764 1406 1805 omnibus

54 1833 177 1876 facile
209 1836 275 1875 est
312 1833 478 1889 uidere,
516 1834 803 1876 differentiam
836 1834 1011 1877 difficile
1044 1848 1214 1890 capere3
1250 1837 1408 1876 natura

55 1904 168 1946 enim
208 1904 322 1945 inter
366 1918 410 1946 se
455 1905 655 1959 proxima
699 1908 817 1960 sunt3
867 1920 996 1960 quam
1041 1905 1096 1946 ob
1140 1919 1233 1946 rem
1281 1904 1404 1959 paria

58 1988 148 2016 8888
175 1974 390 2017 uidentur.
453 1989 716 2030 quamquam
747 1975 879 2017 etiam
910 1975 957 2017 in
986 1975 1094 2030 illis,
1132 1975 1169 2016 si
1206 1975 1303 2029 quis
1338 1976 1408 2017 ad-

56 2047 199 2087 curate
219 2045 570 2102 considerauerit,
596 2045 742 2100 aliqua
763 2045 1006 2087 differentia
1027 2045 1168 2088 inesse
1189 2049 1407 2103 cernetur3

58 2130 184 2157 unam
222 2116 336 2160 enim
369 2131 461 2158 8888
492 2116 653 2158 lineam
683 2116 731 2157 in
760 2130 847 2157 uno
879 2119 1042 2171 puncto
1075 2116 1277 2172 spiralem
1309 2131 1407 2160 con-

57 2184 295 2242 tingentem
320 2186 598 2228 manifestum
619 2189 685 2228 est
712 2189 755 2228 et
773 2188 945 2242 notum3
974 2201 1113 2241 neque
1138 2190 1285 2230 tamen
1310 2202 1406 2230 eam

59 2288 164 2335 ἐγγύς
194 2290 280 2325 Vat.
391 2293 447 2326 26.
482 2289 553 2336 ὅτι]
586 2300 703 2334 comp.
731 2290 817 2325 Vat.
923 2294 978 2326 28.
1010 2296 1119 2326 τοῦτο
1150 2290 1239 2337 ἤδη]
1271 2297 1404 2327 τοῦτον

56 2336 103 2381 δή
126 2336 155 2371 Ρ
175 2338 259 2381 (om.
281 2338 371 2382 acc.)
390 2348 423 2372 v.
