<?xml version="1.0" encoding="UTF-8"?>
<!DOCTYPE html PUBLIC "-//W3C//DTD XHTML 1.0 Transitional//EN"
    "http://www.w3.org/TR/xhtml1/DTD/xhtml1-transitional.dtd">
<html xmlns="http://www.w3.org/1999/xhtml" xml:lang="en" lang="en">
 <head>
  <title>
</title>
<meta http-equiv="Content-Type" content="text/html;charset=utf-8" />
  <meta name='ocr-system' content='tesseract 3.04.00' />
  <meta name='ocr-capabilities' content='ocr_page ocr_carea ocr_par ocr_line ocrx_word'/>
</head>
<body>
  <div class='ocr_page' id='page_1' title='image "./euclidisoperaomn06eucluoft_0196.png"; bbox 0 0 1520 2508; ppageno 0'>
   <div class='ocr_carea' id='block_1_1' title="bbox 134 79 958 137">
    <p class='ocr_par' dir='ltr' id='par_1_1' title="bbox 134 79 958 137">
     <span class='ocr_line' id='line_1_1' title="bbox 134 79 958 137; baseline -0.001 -13"><span class='ocrx_word' id='word_1_1' title='bbox 134 132 138 137; x_wconf 25' lang='lat'><strong>⁴</strong></span> <span class='ocrx_word' id='word_1_2' title='bbox 166 79 249 126; x_wconf 83' lang='lat'><em>130</em></span> <span class='ocrx_word' id='word_1_3' title='bbox 691 88 958 130; x_wconf 63' lang='lat' dir='ltr'><em>AEAOMENA.</em></span> 
     </span>
    </p>
   </div>
   <div class='ocr_carea' id='block_1_2' title="bbox 162 161 1488 242">
    <p class='ocr_par' dir='ltr' id='par_1_2' title="bbox 162 161 1488 242">
     <span class='ocr_line' id='line_1_2' title="bbox 162 161 1488 242; baseline 0.007 -23"><span class='ocrx_word' id='word_1_4' title='bbox 162 181 305 232; x_wconf 83' lang='lat' dir='ltr'><em>BAK‚</em></span> <span class='ocrx_word' id='word_1_5' title='bbox 336 178 415 221; x_wconf 87' lang='grc' dir='ltr'><em>καὶ</em></span> <span class='ocrx_word' id='word_1_6' title='bbox 432 182 819 236; x_wconf 79' lang='grc' dir='ltr'><strong><em>συμπεπληρώσθω</em></strong></span> <span class='ocrx_word' id='word_1_7' title='bbox 844 183 892 224; x_wconf 93' lang='grc' dir='ltr'><em>τὸ</em></span> <span class='ocrx_word' id='word_1_8' title='bbox 916 161 1002 224; x_wconf 89' lang='lat' dir='ltr'><em>AA</em></span> <span class='ocrx_word' id='word_1_9' title='bbox 1024 186 1488 242; x_wconf 82' lang='grc' dir='ltr'><em>παραλληλόγραμμον.</em></span> 
     </span>
    </p>
   </div>
   <div class='ocr_carea' id='block_1_3' title="bbox 1475 218 1498 246">
    <p class='ocr_par' dir='ltr' id='par_1_3' title="bbox 1475 218 1498 246">
     <span class='ocr_line' id='line_1_3' title="bbox 1475 218 1498 246; baseline 0 0"><span class='ocrx_word' id='word_1_10' title='bbox 1475 218 1498 246; x_wconf 65' lang='lat' dir='ltr'><em>&#39;x&#39;</em></span> 
     </span>
    </p>
   </div>
   <div class='ocr_carea' id='block_1_4' title="bbox 123 247 1498 319">
    <p class='ocr_par' dir='ltr' id='par_1_4' title="bbox 123 247 1498 319">
     <span class='ocr_line' id='line_1_4' title="bbox 123 247 1498 319; baseline 0.007 -31"><span class='ocrx_word' id='word_1_11' title='bbox 123 281 127 286; x_wconf 95' lang='lat'>.</span> <span class='ocrx_word' id='word_1_12' title='bbox 164 247 254 290; x_wconf 83' lang='grc' dir='ltr'><em>ἐπεὶ</em></span> <span class='ocrx_word' id='word_1_13' title='bbox 286 249 467 294; x_wconf 70' lang='grc' dir='ltr'><em>δοθεῖσα</em></span> <span class='ocrx_word' id='word_1_14' title='bbox 495 249 612 292; x_wconf 82' lang='grc' dir='ltr'><em>ἐστιν</em></span> <span class='ocrx_word' id='word_1_15' title='bbox 643 249 819 306; x_wconf 84' lang='grc' dir='ltr'><em>ἑκατέρα</em></span> <span class='ocrx_word' id='word_1_16' title='bbox 849 259 936 294; x_wconf 86' lang='grc' dir='ltr'><em>τῶν</em></span> <span class='ocrx_word' id='word_1_17' title='bbox 960 252 1045 295; x_wconf 86' lang='grc' dir='ltr'><em>ὑπὸ</em></span> <span class='ocrx_word' id='word_1_18' title='bbox 1070 257 1156 295; x_wconf 91' lang='grc' dir='ltr'><em>ΔΛ</em></span> <span class='ocrx_word' id='word_1_19' title='bbox 1164 255 1212 308; x_wconf 94' lang='grc' dir='ltr'>Γ</span> <span class='ocrx_word' id='word_1_20' title='bbox 1237 257 1383 309; x_wconf 83' lang='grc' dir='ltr'><em>ΑΚΔ,</em></span> <span class='ocrx_word' id='word_1_21' title='bbox 1413 254 1498 319; x_wconf 66' lang='lat' dir='ltr'><em>aaz}</em></span> 
     </span>
    </p>
   </div>
   <div class='ocr_carea' id='block_1_5' title="bbox 94 810 139 842">
    <p class='ocr_par' dir='ltr' id='par_1_5' title="bbox 94 810 139 842">
     <span class='ocr_line' id='line_1_5' title="bbox 94 810 139 842; baseline 0 0"><span class='ocrx_word' id='word_1_22' title='bbox 94 810 139 842; x_wconf 91' lang='grc'><em>10</em></span> 
     </span>
    </p>
   </div>
   <div class='ocr_carea' id='block_1_6' title="bbox 161 304 1498 1004">
    <p class='ocr_par' dir='ltr' id='par_1_6' title="bbox 161 304 1498 1004">
     <span class='ocr_line' id='line_1_6' title="bbox 163 304 1497 405; baseline 0.006 -46"><span class='ocrx_word' id='word_1_23' title='bbox 163 319 291 371; x_wconf 89' lang='grc' dir='ltr'><em>λοιπὴ</em></span> <span class='ocrx_word' id='word_1_24' title='bbox 318 319 401 373; x_wconf 76' lang='grc' dir='ltr'><em>ἄρα</em></span> <span class='ocrx_word' id='word_1_25' title='bbox 419 316 451 373; x_wconf 84' lang='grc' dir='ltr'><em>ἡ</em></span> <span class='ocrx_word' id='word_1_26' title='bbox 475 319 560 361; x_wconf 88' lang='grc' dir='ltr'><em>ὑπὸ</em></span> <span class='ocrx_word' id='word_1_27' title='bbox 585 326 673 361; x_wconf 85' lang='grc' dir='ltr'><em>τῶν</em></span> <span class='ocrx_word' id='word_1_28' title='bbox 697 316 835 362; x_wconf 92' lang='lat' dir='ltr'><em>AAK</em></span> <span class='ocrx_word' id='word_1_29' title='bbox 861 321 950 363; x_wconf 86' lang='grc' dir='ltr'><em>ἐστι</em></span> <span class='ocrx_word' id='word_1_30' title='bbox 975 323 1175 364; x_wconf 80' lang='grc' dir='ltr'><em>δοθεῖσα·</em></span> <span class='ocrx_word' id='word_1_31' title='bbox 1207 314 1378 365; x_wconf 87' lang='grc' dir='ltr'><em>δέδοται</em></span> <span class='ocrx_word' id='word_1_32' title='bbox 1403 304 1497 405; x_wconf 61' lang='lat' dir='ltr'><em>{ipa}</em></span> 
     </span>
     <span class='ocr_line' id='line_1_7' title="bbox 163 381 1497 449; baseline 0.007 -21"><span class='ocrx_word' id='word_1_33' title='bbox 163 388 212 429; x_wconf 90' lang='grc' dir='ltr'><em>τὸ</em></span> <span class='ocrx_word' id='word_1_34' title='bbox 244 390 381 429; x_wconf 89' lang='grc' dir='ltr'><em>ΑΛΚ</em></span> <span class='ocrx_word' id='word_1_35' title='bbox 407 391 622 444; x_wconf 87' lang='grc' dir='ltr'><em>τρίγωνον</em></span> <span class='ocrx_word' id='word_1_36' title='bbox 652 396 711 447; x_wconf 77' lang='grc' dir='ltr'><em>τῷ</em></span> <span class='ocrx_word' id='word_1_37' title='bbox 743 391 865 432; x_wconf 78' lang='grc' dir='ltr'><em>εἴδει·</em></span> <span class='ocrx_word' id='word_1_38' title='bbox 909 393 1036 445; x_wconf 89' lang='grc' dir='ltr'><em>λόγος</em></span> <span class='ocrx_word' id='word_1_39' title='bbox 1067 393 1150 447; x_wconf 77' lang='grc' dir='ltr'><em>ἄρα</em></span> <span class='ocrx_word' id='word_1_40' title='bbox 1181 392 1270 435; x_wconf 81' lang='grc' dir='ltr'><em>ἐστὶ</em></span> <span class='ocrx_word' id='word_1_41' title='bbox 1299 400 1374 449; x_wconf 79' lang='grc' dir='ltr'><em>τῆς</em></span> <span class='ocrx_word' id='word_1_42' title='bbox 1399 381 1497 437; x_wconf 89' lang='grc' dir='ltr'><em>ΑΔ</em></span> 
     </span>
     <span class='ocr_line' id='line_1_8' title="bbox 162 458 1497 515; baseline 0.006 -17"><span class='ocrx_word' id='word_1_43' title='bbox 162 458 271 512; x_wconf 86' lang='grc' dir='ltr'><em>πρὸς</em></span> <span class='ocrx_word' id='word_1_44' title='bbox 306 458 387 512; x_wconf 84' lang='grc' dir='ltr'><em>τὴν</em></span> <span class='ocrx_word' id='word_1_45' title='bbox 416 460 512 508; x_wconf 91' lang='lat' dir='ltr'><em>AK</em></span> <span class='ocrx_word' id='word_1_46' title='bbox 543 459 704 508; x_wconf 79' lang='grc' dir='ltr'><em>δοθεις.</em></span> <span class='ocrx_word' id='word_1_47' title='bbox 763 459 835 502; x_wconf 82' lang='grc' dir='ltr'><em>καὶ</em></span> <span class='ocrx_word' id='word_1_48' title='bbox 871 460 962 502; x_wconf 82' lang='grc' dir='ltr'><em>ε’πεὶ</em></span> <span class='ocrx_word' id='word_1_49' title='bbox 999 463 1127 515; x_wconf 95' lang='grc' dir='ltr'><em>λόγος</em></span> <span class='ocrx_word' id='word_1_50' title='bbox 1163 461 1252 504; x_wconf 83' lang='grc' dir='ltr'><em>ἐστὶ</em></span> <span class='ocrx_word' id='word_1_51' title='bbox 1287 470 1366 505; x_wconf 86' lang='grc' dir='ltr'><em>τοῦ</em></span> <span class='ocrx_word' id='word_1_52' title='bbox 1396 466 1497 510; x_wconf 80' lang='grc' dir='ltr'><em>ΛΓ·</em></span> 
     </span>
     <span class='ocr_line' id='line_1_9' title="bbox 161 527 1497 590; baseline 0.006 -22"><span class='ocrx_word' id='word_1_53' title='bbox 161 527 270 583; x_wconf 88' lang='grc' dir='ltr'><em>πρὸς</em></span> <span class='ocrx_word' id='word_1_54' title='bbox 299 527 349 569; x_wconf 89' lang='grc' dir='ltr'><em>τὸ</em></span> <span class='ocrx_word' id='word_1_55' title='bbox 376 531 459 569; x_wconf 87' lang='grc' dir='ltr'><em>ΖΘ</em></span> <span class='ocrx_word' id='word_1_56' title='bbox 489 528 653 577; x_wconf 77' lang='grc' dir='ltr'><em>δοθείς·</em></span> <span class='ocrx_word' id='word_1_57' title='bbox 684 529 906 571; x_wconf 82' lang='grc' dir='ltr'><em>ὑπόκειται</em></span> <span class='ocrx_word' id='word_1_58' title='bbox 936 530 1036 586; x_wconf 74' lang='grc' dir='ltr'><em>γάρ·</em></span> <span class='ocrx_word' id='word_1_59' title='bbox 1067 533 1143 572; x_wconf 82' lang='grc' dir='ltr'><em>καί</em></span> <span class='ocrx_word' id='word_1_60' title='bbox 1165 531 1281 590; x_wconf 83' lang='grc' dir='ltr'><em>ἐστιν</em></span> <span class='ocrx_word' id='word_1_61' title='bbox 1314 536 1409 575; x_wconf 78' lang='grc' dir='ltr'><em>ἴσον</em></span> <span class='ocrx_word' id='word_1_62' title='bbox 1436 535 1497 590; x_wconf 58' lang='grc' dir='ltr'><em>τὸξ</em></span> 
     </span>
     <span class='ocr_line' id='line_1_10' title="bbox 162 598 1496 656; baseline 0.005 -18"><span class='ocrx_word' id='word_1_63' title='bbox 162 599 256 638; x_wconf 92' lang='grc' dir='ltr'><em>ΔΓ</em></span> <span class='ocrx_word' id='word_1_64' title='bbox 292 603 351 653; x_wconf 76' lang='grc' dir='ltr'><em>τῷ</em></span> <span class='ocrx_word' id='word_1_65' title='bbox 383 599 493 651; x_wconf 77' lang='grc' dir='ltr'><em>ΔΛ,</em></span> <span class='ocrx_word' id='word_1_66' title='bbox 535 600 663 651; x_wconf 88' lang='grc' dir='ltr'><em>λόγος</em></span> <span class='ocrx_word' id='word_1_67' title='bbox 699 599 782 653; x_wconf 78' lang='grc' dir='ltr'><em>ἄρα</em></span> <span class='ocrx_word' id='word_1_68' title='bbox 817 598 889 640; x_wconf 87' lang='grc' dir='ltr'><em>καὶ</em></span> <span class='ocrx_word' id='word_1_69' title='bbox 925 606 1003 641; x_wconf 85' lang='grc' dir='ltr'><em>τοῦ</em></span> <span class='ocrx_word' id='word_1_70' title='bbox 1040 604 1125 642; x_wconf 87' lang='grc' dir='ltr'><em>ΔΛ</em></span> <span class='ocrx_word' id='word_1_71' title='bbox 1165 602 1274 656; x_wconf 89' lang='grc' dir='ltr'><em>πρὸς</em></span> <span class='ocrx_word' id='word_1_72' title='bbox 1315 601 1363 644; x_wconf 80' lang='grc' dir='ltr'><em>τὸ</em></span> <span class='ocrx_word' id='word_1_73' title='bbox 1401 604 1496 646; x_wconf 70' lang='grc' dir='ltr'><em>ΖΘὲ</em></span> 
     </span>
     <span class='ocr_line' id='line_1_11' title="bbox 163 665 1495 726; baseline 0.005 -19"><span class='ocrx_word' id='word_1_74' title='bbox 163 665 339 716; x_wconf 80' lang='grc' dir='ltr'><em>δοθείς.’</em></span> <span class='ocrx_word' id='word_1_75' title='bbox 374 669 449 708; x_wconf 86' lang='grc' dir='ltr'><em>καί</em></span> <span class='ocrx_word' id='word_1_76' title='bbox 470 666 588 708; x_wconf 84' lang='grc' dir='ltr'><em>ἐστιν</em></span> <span class='ocrx_word' id='word_1_77' title='bbox 614 669 844 721; x_wconf 84' lang='grc' dir='ltr'><em>ἰσογώνιον</em></span> <span class='ocrx_word' id='word_1_78' title='bbox 868 670 916 710; x_wconf 89' lang='grc' dir='ltr'><em>τὸ</em></span> <span class='ocrx_word' id='word_1_79' title='bbox 936 672 1021 711; x_wconf 90' lang='grc' dir='ltr'><em>ΔΛ</em></span> <span class='ocrx_word' id='word_1_80' title='bbox 1051 677 1110 726; x_wconf 78' lang='grc' dir='ltr'><em>τῷ</em></span> <span class='ocrx_word' id='word_1_81' title='bbox 1138 673 1232 725; x_wconf 82' lang='grc' dir='ltr'><em>ΖΘ,</em></span> <span class='ocrx_word' id='word_1_82' title='bbox 1262 670 1334 713; x_wconf 85' lang='grc' dir='ltr'><em>καὶ</em></span> <span class='ocrx_word' id='word_1_83' title='bbox 1358 674 1495 725; x_wconf 25' lang='grc' dir='ltr'><em>λόγοςέ</em></span> 
     </span>
     <span class='ocr_line' id='line_1_12' title="bbox 166 733 1495 795; baseline 0.005 -19"><span class='ocrx_word' id='word_1_84' title='bbox 166 734 256 777; x_wconf 87' lang='grc' dir='ltr'><em>ε’στὶ</em></span> <span class='ocrx_word' id='word_1_85' title='bbox 286 739 481 777; x_wconf 82' lang='grc' dir='ltr'><em>τοῦ·ΔΛ</em></span> <span class='ocrx_word' id='word_1_86' title='bbox 516 737 624 791; x_wconf 90' lang='grc' dir='ltr'><em>πρὸς</em></span> <span class='ocrx_word' id='word_1_87' title='bbox 654 738 707 781; x_wconf 84' lang='grc' dir='ltr'><em>τὸ,</em></span> <span class='ocrx_word' id='word_1_88' title='bbox 733 741 830 779; x_wconf 90' lang='grc' dir='ltr'><em>ΕΗ</em></span> <span class='ocrx_word' id='word_1_89' title='bbox 860 739 1026 793; x_wconf 82' lang='grc' dir='ltr'><em>δοθείς,</em></span> <span class='ocrx_word' id='word_1_90' title='bbox 1063 742 1139 781; x_wconf 84' lang='grc' dir='ltr'><em>καί</em></span> <span class='ocrx_word' id='word_1_91' title='bbox 1170 740 1258 782; x_wconf 84' lang='grc' dir='ltr'><em>ἐστι</em></span> <span class='ocrx_word' id='word_1_92' title='bbox 1293 747 1368 795; x_wconf 80' lang='grc' dir='ltr'><em>τῆς</em></span> <span class='ocrx_word' id='word_1_93' title='bbox 1398 733 1495 783; x_wconf 78' lang='lat' dir='ltr'><em>AB&#39;</em></span> 
     </span>
     <span class='ocr_line' id='line_1_13' title="bbox 164 806 1487 868; baseline 0.005 -22"><span class='ocrx_word' id='word_1_94' title='bbox 164 806 273 860; x_wconf 88' lang='grc' dir='ltr'><em>πρὸς</em></span> <span class='ocrx_word' id='word_1_95' title='bbox 303 807 382 860; x_wconf 86' lang='grc' dir='ltr'><em>τὴν</em></span> <span class='ocrx_word' id='word_1_96' title='bbox 409 809 515 847; x_wconf 91' lang='grc' dir='ltr'><em>ΖΗ·</em></span> <span class='ocrx_word' id='word_1_97' title='bbox 546 806 768 849; x_wconf 85' lang='grc' dir='ltr'><em>ὑπόκειται</em></span> <span class='ocrx_word' id='word_1_98' title='bbox 794 808 893 863; x_wconf 76' lang='grc' dir='ltr'><em>γάρ·</em></span> <span class='ocrx_word' id='word_1_99' title='bbox 925 810 1052 862; x_wconf 92' lang='grc' dir='ltr'><em>λόγος</em></span> <span class='ocrx_word' id='word_1_100' title='bbox 1082 810 1165 864; x_wconf 79' lang='grc' dir='ltr'><em>ἄρα</em></span> <span class='ocrx_word' id='word_1_101' title='bbox 1197 809 1285 851; x_wconf 78' lang='grc' dir='ltr'><em>ἐστὶ</em></span> <span class='ocrx_word' id='word_1_102' title='bbox 1314 809 1386 851; x_wconf 84' lang='grc' dir='ltr'><em>καὶ</em></span> <span class='ocrx_word' id='word_1_103' title='bbox 1411 817 1487 868; x_wconf 80' lang='grc' dir='ltr'><em>τῆς</em></span> 
     </span>
     <span class='ocr_line' id='line_1_14' title="bbox 164 876 1487 934; baseline 0.005 -18"><span class='ocrx_word' id='word_1_104' title='bbox 164 876 395 931; x_wconf 10' lang='grc' dir='ltr'><em>ΔΚήπρὸς</em></span> <span class='ocrx_word' id='word_1_105' title='bbox 424 877 504 930; x_wconf 85' lang='grc' dir='ltr'><em>τὴν</em></span> <span class='ocrx_word' id='word_1_106' title='bbox 533 879 616 918; x_wconf 89' lang='grc' dir='ltr'><em>ΕΖ</em></span> <span class='ocrx_word' id='word_1_107' title='bbox 648 877 808 926; x_wconf 80' lang='grc' dir='ltr'><em>δοθείς.</em></span> <span class='ocrx_word' id='word_1_108' title='bbox 855 883 930 932; x_wconf 80' lang='grc' dir='ltr'><em>τῆς</em></span> <span class='ocrx_word' id='word_1_109' title='bbox 961 876 1007 919; x_wconf 77' lang='grc' dir='ltr'><em>δὲ</em></span> <span class='ocrx_word' id='word_1_110' title='bbox 1039 881 1134 920; x_wconf 91' lang='lat' dir='ltr'><em>AK</em></span> <span class='ocrx_word' id='word_1_111' title='bbox 1159 880 1267 934; x_wconf 87' lang='grc' dir='ltr'><em>πρὸς</em></span> <span class='ocrx_word' id='word_1_112' title='bbox 1296 881 1376 934; x_wconf 86' lang='grc' dir='ltr'><em>τὴν</em></span> <span class='ocrx_word' id='word_1_113' title='bbox 1399 883 1487 922; x_wconf 87' lang='grc' dir='ltr'><em>ΔΑ</em></span> 
     </span>
     <span class='ocr_line' id='line_1_15' title="bbox 163 944 1498 1004; baseline 0.004 -18"><span class='ocrx_word' id='word_1_114' title='bbox 163 946 303 998; x_wconf 84' lang='grc' dir='ltr'><em>λόγος·</em></span> <span class='ocrx_word' id='word_1_115' title='bbox 329 944 417 986; x_wconf 81' lang='grc' dir='ltr'><em>ἐστὶ</em></span> <span class='ocrx_word' id='word_1_116' title='bbox 455 946 620 994; x_wconf 80' lang='grc' dir='ltr'><em>δοθείς’</em></span> <span class='ocrx_word' id='word_1_117' title='bbox 669 945 741 987; x_wconf 85' lang='grc' dir='ltr'><em>καὶ</em></span> <span class='ocrx_word' id='word_1_118' title='bbox 783 953 857 1000; x_wconf 78' lang='grc' dir='ltr'><em>τῆς</em></span> <span class='ocrx_word' id='word_1_119' title='bbox 893 951 984 989; x_wconf 91' lang='grc' dir='ltr'><em>ΑΔ</em></span> <span class='ocrx_word' id='word_1_120' title='bbox 1026 949 1109 1003; x_wconf 78' lang='grc' dir='ltr'><em>ἄρα</em></span> <span class='ocrx_word' id='word_1_121' title='bbox 1144 949 1252 1004; x_wconf 85' lang='grc' dir='ltr'><em>πρὸς</em></span> <span class='ocrx_word' id='word_1_122' title='bbox 1287 950 1366 1003; x_wconf 84' lang='grc' dir='ltr'><em>τὴν</em></span> <span class='ocrx_word' id='word_1_123' title='bbox 1401 952 1498 1000; x_wconf 57' lang='grc' dir='ltr'><em>ΕΖ,</em></span> 
     </span>
    </p>
   </div>
   <div class='ocr_carea' id='block_1_7' title="bbox 111 1013 603 1079">
    <p class='ocr_par' dir='ltr' id='par_1_7' title="bbox 111 1013 603 1079">
     <span class='ocr_line' id='line_1_16' title="bbox 111 1013 603 1079; baseline 0 -23"><span class='ocrx_word' id='word_1_124' title='bbox 111 1049 118 1056; x_wconf 95' lang='grc'><strong>.</strong></span> <span class='ocrx_word' id='word_1_125' title='bbox 163 1016 292 1068; x_wconf 87' lang='grc' dir='ltr'><em>λόγος</em></span> <span class='ocrx_word' id='word_1_126' title='bbox 323 1013 425 1079; x_wconf 50' lang='grc' dir='ltr'><em>ἐστί’</em></span> <span class='ocrx_word' id='word_1_127' title='bbox 444 1015 603 1064; x_wconf 84' lang='grc' dir='ltr'><em>δοθείς.</em></span> 
     </span>
    </p>
   </div>
   <div class='ocr_carea' id='block_1_8' title="bbox 68 1211 172 1248">
    <p class='ocr_par' dir='ltr' id='par_1_8' title="bbox 68 1211 172 1248">
     <span class='ocr_line' id='line_1_17' title="bbox 68 1211 172 1248; baseline 0.01 -1"><span class='ocrx_word' id='word_1_128' title='bbox 68 1211 172 1248; x_wconf 77' lang='lat'><em>&#39;15-</em></span> 
     </span>
    </p>
   </div>
   <div class='ocr_carea' id='block_1_9' title="bbox 79 1564 137 1596">
    <p class='ocr_par' dir='ltr' id='par_1_9' title="bbox 79 1564 137 1596">
     <span class='ocr_line' id='line_1_18' title="bbox 79 1564 137 1596; baseline 0.017 -1"><span class='ocrx_word' id='word_1_129' title='bbox 79 1564 137 1596; x_wconf 65' lang='lat'><em>‘20</em></span> 
     </span>
    </p>
   </div>
   <div class='ocr_carea' id='block_1_10' title="bbox 161 1147 1496 1618">
    <p class='ocr_par' dir='ltr' id='par_1_10' title="bbox 161 1147 1496 1618">
     <span class='ocr_line' id='line_1_19' title="bbox 798 1147 1053 1173; baseline -0.008 0"><span class='ocrx_word' id='word_1_130' title='bbox 798 1147 821 1173; x_wconf 92' lang='grc' dir='ltr'><em>ο</em></span> <span class='ocrx_word' id='word_1_131' title='bbox 843 1166 850 1173; x_wconf 94' lang='grc'><strong>.</strong></span> <span class='ocrx_word' id='word_1_132' title='bbox 1052 1168 1053 1171; x_wconf 75' lang='grc'>,</span> 
     </span>
     <span class='ocr_line' id='line_1_20' title="bbox 249 1210 1484 1270; baseline 0.003 -17"><span class='ocrx_word' id='word_1_133' title='bbox 249 1210 348 1254; x_wconf 79' lang='grc' dir='ltr'><em>Ἐὰν</em></span> <span class='ocrx_word' id='word_1_134' title='bbox 384 1213 469 1258; x_wconf 74' lang='grc' dir='ltr'><em>δύο,</em></span> <span class='ocrx_word' id='word_1_135' title='bbox 501 1214 961 1269; x_wconf 74' lang='grc' dir='ltr'><em>παραλληλογράμμων</em></span> <span class='ocrx_word' id='word_1_136' title='bbox 996 1213 1094 1270; x_wconf 87' lang='grc' dir='ltr'><em>περὶ</em></span> <span class='ocrx_word' id='word_1_137' title='bbox 1132 1212 1226 1264; x_wconf 75' lang='grc' dir='ltr'><em>ἴσας</em></span> <span class='ocrx_word' id='word_1_138' title='bbox 1263 1214 1432 1268; x_wconf 78' lang='grc' dir='ltr'><em>γωνίας</em></span> <span class='ocrx_word' id='word_1_139' title='bbox 1457 1215 1484 1270; x_wconf 77' lang='grc' dir='ltr'>ἢ</span> 
     </span>
     <span class='ocr_line' id='line_1_21' title="bbox 161 1279 1483 1341; baseline 0.003 -19"><span class='ocrx_word' id='word_1_140' title='bbox 161 1279 259 1337; x_wconf 85' lang='grc' dir='ltr'><em>περὶ</em></span> <span class='ocrx_word' id='word_1_141' title='bbox 285 1280 464 1330; x_wconf 78' lang='grc' dir='ltr'><em>ἀνίσους</em></span> <span class='ocrx_word' id='word_1_142' title='bbox 489 1281 582 1336; x_wconf 85' lang='grc' dir='ltr'><em>μέν,</em></span> <span class='ocrx_word' id='word_1_143' title='bbox 608 1281 841 1336; x_wconf 76' lang='grc' dir='ltr'><em>δεδομένας</em></span> <span class='ocrx_word' id='word_1_144' title='bbox 865 1282 925 1336; x_wconf 80' lang='grc' dir='ltr'><em>δέ,</em></span> <span class='ocrx_word' id='word_1_145' title='bbox 951 1284 999 1324; x_wconf 77' lang='grc' dir='ltr'><em>αἱ</em></span> <span class='ocrx_word' id='word_1_146' title='bbox 1018 1283 1200 1339; x_wconf 85' lang='grc' dir='ltr'><em>πλευραὶ</em></span> <span class='ocrx_word' id='word_1_147' title='bbox 1224 1285 1331 1341; x_wconf 88' lang='grc' dir='ltr'><em>πρὸς</em></span> <span class='ocrx_word' id='word_1_148' title='bbox 1356 1284 1483 1338; x_wconf 84' lang='grc' dir='ltr'><em>ἀλλή-</em></span> 
     </span>
     <span class='ocr_line' id='line_1_22' title="bbox 162 1351 1483 1409; baseline 0.004 -17"><span class='ocrx_word' id='word_1_149' title='bbox 162 1354 240 1400; x_wconf 91' lang='grc' dir='ltr'><em>λας</em></span> <span class='ocrx_word' id='word_1_150' title='bbox 272 1353 404 1404; x_wconf 89' lang='grc' dir='ltr'><em>λόγον</em></span> <span class='ocrx_word' id='word_1_151' title='bbox 440 1353 568 1406; x_wconf 78' lang='grc' dir='ltr'><em>ἔχωσι</em></span> <span class='ocrx_word' id='word_1_152' title='bbox 606 1351 858 1406; x_wconf 78' lang='grc' dir='ltr'><em>δεδομένον,</em></span> <span class='ocrx_word' id='word_1_153' title='bbox 893 1351 966 1394; x_wconf 83' lang='grc' dir='ltr'><em>καὶ</em></span> <span class='ocrx_word' id='word_1_154' title='bbox 996 1353 1104 1394; x_wconf 79' lang='grc' dir='ltr'><em>αὐτὰ</em></span> <span class='ocrx_word' id='word_1_155' title='bbox 1135 1354 1186 1395; x_wconf 80' lang='grc' dir='ltr'><em>τὰ</em></span> <span class='ocrx_word' id='word_1_156' title='bbox 1215 1356 1483 1409; x_wconf 84' lang='grc' dir='ltr'><em>παραλληλό-</em></span> 
     </span>
     <span class='ocr_line' id='line_1_23' title="bbox 161 1420 1491 1477; baseline 0.003 -15"><span class='ocrx_word' id='word_1_157' title='bbox 161 1432 336 1475; x_wconf 80' lang='grc' dir='ltr'><em>γραμμα</em></span> <span class='ocrx_word' id='word_1_158' title='bbox 365 1422 475 1476; x_wconf 87' lang='grc' dir='ltr'><em>πρὸς</em></span> <span class='ocrx_word' id='word_1_159' title='bbox 510 1422 673 1475; x_wconf 77' lang='grc' dir='ltr'><em>ἄλληλα</em></span> <span class='ocrx_word' id='word_1_160' title='bbox 704 1423 835 1475; x_wconf 90' lang='grc' dir='ltr'><em>λόγον</em></span> <span class='ocrx_word' id='word_1_161' title='bbox 866 1421 947 1472; x_wconf 68' lang='grc' dir='ltr'><em>ἕξει</em></span> <span class='ocrx_word' id='word_1_162' title='bbox 979 1422 1222 1477; x_wconf 85' lang='grc' dir='ltr'><em>δεδομένον.</em></span> <span class='ocrx_word' id='word_1_163' title='bbox 1279 1420 1299 1435; x_wconf 73' lang='grc'><strong>”</strong></span> <span class='ocrx_word' id='word_1_164' title='bbox 1490 1429 1491 1457; x_wconf 80' lang='grc' dir='ltr'>ἶ</span> 
     </span>
     <span class='ocr_line' id='line_1_24' title="bbox 250 1490 1490 1549; baseline 0.004 -18"><span class='ocrx_word' id='word_1_165' title='bbox 250 1490 332 1531; x_wconf 87' lang='grc' dir='ltr'><em>δύο</em></span> <span class='ocrx_word' id='word_1_166' title='bbox 375 1490 457 1546; x_wconf 82' lang='grc' dir='ltr'><em>γὰρ</em></span> <span class='ocrx_word' id='word_1_167' title='bbox 499 1491 959 1546; x_wconf 78' lang='grc' dir='ltr'><em>παραλληλογράμμων</em></span> <span class='ocrx_word' id='word_1_168' title='bbox 1001 1499 1088 1533; x_wconf 83' lang='grc' dir='ltr'><em>τῶν</em></span> <span class='ocrx_word' id='word_1_169' title='bbox 1124 1496 1229 1547; x_wconf 83' lang='lat' dir='ltr'><em>AB,</em></span> <span class='ocrx_word' id='word_1_170' title='bbox 1254 1496 1351 1535; x_wconf 89' lang='lat' dir='ltr'><em>EH</em></span> <span class='ocrx_word' id='word_1_171' title='bbox 1385 1493 1490 1549; x_wconf 83' lang='grc' dir='ltr'><em>περὶ’</em></span> 
     </span>
     <span class='ocr_line' id='line_1_25' title="bbox 163 1560 1496 1618; baseline 0.004 -18"><span class='ocrx_word' id='word_1_172' title='bbox 163 1563 258 1608; x_wconf 78' lang='grc' dir='ltr'><em>ἴσας</em></span> <span class='ocrx_word' id='word_1_173' title='bbox 288 1560 448 1613; x_wconf 86' lang='grc' dir='ltr'><em>γωνίας</em></span> <span class='ocrx_word' id='word_1_174' title='bbox 477 1560 553 1609; x_wconf 81' lang='grc' dir='ltr'><em>τὰς</em></span> <span class='ocrx_word' id='word_1_175' title='bbox 582 1560 690 1614; x_wconf 88' lang='grc' dir='ltr'><em>πρὸς</em></span> <span class='ocrx_word' id='word_1_176' title='bbox 720 1568 810 1610; x_wconf 82' lang='grc' dir='ltr'><em>τοῖς</em></span> <span class='ocrx_word' id='word_1_177' title='bbox 841 1562 889 1614; x_wconf 85' lang='grc' dir='ltr'><em>Γ,</em></span> <span class='ocrx_word' id='word_1_178' title='bbox 916 1564 951 1602; x_wconf 92' lang='grc' dir='ltr'><strong><em>Ζ</em></strong></span> <span class='ocrx_word' id='word_1_179' title='bbox 988 1561 1014 1615; x_wconf 82' lang='grc' dir='ltr'><em>ἢ</em></span> <span class='ocrx_word' id='word_1_180' title='bbox 1050 1561 1148 1617; x_wconf 83' lang='grc' dir='ltr'><em>περὶ</em></span> <span class='ocrx_word' id='word_1_181' title='bbox 1182 1562 1360 1612; x_wconf 82' lang='grc' dir='ltr'><em>ἀνίσους</em></span> <span class='ocrx_word' id='word_1_182' title='bbox 1389 1563 1496 1618; x_wconf 84' lang='grc' dir='ltr'><em>μέν,Ι</em></span> 
     </span>
    </p>
   </div>
   <div class='ocr_carea' id='block_1_11' title="bbox 76 1627 1481 1692">
    <p class='ocr_par' dir='ltr' id='par_1_11' title="bbox 76 1627 1481 1692">
     <span class='ocr_line' id='line_1_26' title="bbox 76 1627 1481 1692; baseline 0.004 -23"><span class='ocrx_word' id='word_1_183' title='bbox 76 1631 80 1636; x_wconf 91' lang='grc'><strong>’</strong></span> <span class='ocrx_word' id='word_1_184' title='bbox 148 1627 396 1692; x_wconf 77' lang='grc' dir='ltr'><em>’δεδομένας</em></span> <span class='ocrx_word' id='word_1_185' title='bbox 426 1627 493 1683; x_wconf 79' lang='grc' dir='ltr'><em>δέ,</em></span> <span class='ocrx_word' id='word_1_186' title='bbox 533 1630 582 1670; x_wconf 76' lang='grc' dir='ltr'><em>αἱ</em></span> <span class='ocrx_word' id='word_1_187' title='bbox 607 1628 790 1685; x_wconf 88' lang='grc' dir='ltr'><em>πλευραὶ</em></span> <span class='ocrx_word' id='word_1_188' title='bbox 820 1631 928 1686; x_wconf 88' lang='grc' dir='ltr'><em>πρὸς</em></span> <span class='ocrx_word' id='word_1_189' title='bbox 959 1630 1144 1685; x_wconf 81' lang='grc' dir='ltr'><em>ἀλλήλας</em></span> <span class='ocrx_word' id='word_1_190' title='bbox 1174 1631 1481 1687; x_wconf 80' lang='grc' dir='ltr'><em>λόγον-ἐχέτω-</em></span> 
     </span>
    </p>
   </div>
   <div class='ocr_carea' id='block_1_12' title="bbox 161 1697 1484 1906">
    <p class='ocr_par' dir='ltr' id='par_1_12' title="bbox 161 1697 1484 1906">
     <span class='ocr_line' id='line_1_27' title="bbox 164 1697 1484 1761; baseline 0.004 -21"><span class='ocrx_word' id='word_1_191' title='bbox 164 1709 246 1740; x_wconf 89' lang='grc' dir='ltr'><em>σαν</em></span> <span class='ocrx_word' id='word_1_192' title='bbox 271 1697 519 1753; x_wconf 85' lang='grc' dir='ltr'><em>δεδομένον,</em></span> <span class='ocrx_word' id='word_1_193' title='bbox 549 1698 743 1741; x_wconf 83' lang='grc' dir='ltr'><em>τουτέστι</em></span> <span class='ocrx_word' id='word_1_194' title='bbox 775 1701 901 1753; x_wconf 91' lang='grc' dir='ltr'><em>λόγος</em></span> <span class='ocrx_word' id='word_1_195' title='bbox 931 1702 1038 1743; x_wconf 82' lang='grc' dir='ltr'><em>ἔστω</em></span> <span class='ocrx_word' id='word_1_196' title='bbox 1066 1707 1140 1755; x_wconf 84' lang='grc' dir='ltr'><em>τῆς</em></span> <span class='ocrx_word' id='word_1_197' title='bbox 1164 1699 1302 1761; x_wconf 35' lang='grc' dir='ltr'><em>μὲν-Α</em></span> <span class='ocrx_word' id='word_1_198' title='bbox 1310 1705 1352 1744; x_wconf 91' lang='grc' dir='ltr'><em>Γ</em></span> <span class='ocrx_word' id='word_1_199' title='bbox 1374 1704 1484 1757; x_wconf 89' lang='grc' dir='ltr'><em>πρὸς</em></span> 
     </span>
     <span class='ocr_line' id='line_1_28' title="bbox 161 1767 1483 1827; baseline 0.004 -17"><span class='ocrx_word' id='word_1_200' title='bbox 161 1769 241 1823; x_wconf 83' lang='grc' dir='ltr'><em>τὴν</em></span> <span class='ocrx_word' id='word_1_201' title='bbox 271 1771 354 1810; x_wconf 90' lang='grc' dir='ltr'><em>ΕΖ</em></span> <span class='ocrx_word' id='word_1_202' title='bbox 386 1769 549 1823; x_wconf 58' lang='lat' dir='ltr'><em>domes,-</em></span> <span class='ocrx_word' id='word_1_203' title='bbox 579 1775 654 1823; x_wconf 83' lang='grc' dir='ltr'><em>τῆς</em></span> <span class='ocrx_word' id='word_1_204' title='bbox 684 1767 732 1810; x_wconf 76' lang='grc' dir='ltr'><em>δὲ</em></span> <span class='ocrx_word' id='word_1_205' title='bbox 756 1771 849 1811; x_wconf 89' lang='grc' dir='ltr'><em>ΒΓ·</em></span> <span class='ocrx_word' id='word_1_206' title='bbox 867 1770 975 1825; x_wconf 88' lang='grc' dir='ltr'><em>πρὸς</em></span> <span class='ocrx_word' id='word_1_207' title='bbox 1005 1771 1085 1825; x_wconf 86' lang='grc' dir='ltr'><em>τὴν</em></span> <span class='ocrx_word' id='word_1_208' title='bbox 1118 1773 1225 1812; x_wconf 89' lang='grc' dir='ltr'><em>ΖΗ·</em></span> <span class='ocrx_word' id='word_1_209' title='bbox 1263 1773 1385 1827; x_wconf 81' lang='grc' dir='ltr'><em>λέγω,</em></span> <span class='ocrx_word' id='word_1_210' title='bbox 1416 1773 1483 1815; x_wconf 85' lang='grc' dir='ltr'><em>ὅτι</em></span> 
     </span>
     <span class='ocr_line' id='line_1_29' title="bbox 161 1836 1250 1906; baseline 0.004 -27"><span class='ocrx_word' id='word_1_211' title='bbox 161 1836 233 1879; x_wconf 80' lang='grc' dir='ltr'><em>καὶ</em></span> <span class='ocrx_word' id='word_1_212' title='bbox 263 1844 341 1880; x_wconf 86' lang='grc' dir='ltr'><em>τοῦ</em></span> <span class='ocrx_word' id='word_1_213' title='bbox 373 1839 453 1880; x_wconf 92' lang='grc' dir='ltr'><em>ΓΔ</em></span> <span class='ocrx_word' id='word_1_214' title='bbox 482 1839 590 1895; x_wconf 83' lang='grc' dir='ltr'><em>πρὸς</em></span> <span class='ocrx_word' id='word_1_215' title='bbox 619 1839 668 1881; x_wconf 89' lang='grc' dir='ltr'><em>τὸ</em></span> <span class='ocrx_word' id='word_1_216' title='bbox 701 1842 784 1881; x_wconf 85' lang='grc' dir='ltr'><em>ΖΘ</em></span> <span class='ocrx_word' id='word_1_217' title='bbox 814 1841 940 1893; x_wconf 91' lang='grc' dir='ltr'><em>λόγος</em></span> <span class='ocrx_word' id='word_1_218' title='bbox 971 1839 1059 1882; x_wconf 83' lang='grc' dir='ltr'><em>ἐστὶ</em></span> <span class='ocrx_word' id='word_1_219' title='bbox 1091 1841 1250 1906; x_wconf 76' lang='grc' dir='ltr'><em>δοθείς.</em></span> 
     </span>
    </p>
   </div>
   <div class='ocr_carea' id='block_1_13' title="bbox 162 1937 441 1943">
    <p class='ocr_par' dir='ltr' id='par_1_13' title="bbox 162 1937 441 1943">
     <span class='ocr_line' id='line_1_30' title="bbox 162 1937 441 1943; baseline 0 0"><span class='ocrx_word' id='word_1_220' title='bbox 162 1937 441 1943; x_wconf 95' lang='lat' dir='ltr'><em> </em></span> 
     </span>
    </p>
   </div>
   <div class='ocr_carea' id='block_1_14' title="bbox 160 1995 1492 2278">
    <p class='ocr_par' dir='ltr' id='par_1_14' title="bbox 160 1995 1492 2278">
     <span class='ocr_line' id='line_1_31' title="bbox 170 1995 1480 2045; baseline 0.004 -13"><span class='ocrx_word' id='word_1_221' title='bbox 170 2025 172 2028; x_wconf 57' lang='grc'>,</span> <span class='ocrx_word' id='word_1_222' title='bbox 256 2002 286 2033; x_wconf 90' lang='grc'><em>1.</em></span> <span class='ocrx_word' id='word_1_223' title='bbox 315 2001 421 2033; x_wconf 87' lang='grc' dir='ltr'><em>ΒΑΚ</em></span> <span class='ocrx_word' id='word_1_224' title='bbox 442 1999 476 2034; x_wconf 94' lang='lat' dir='ltr'><em>b.</em></span> <span class='ocrx_word' id='word_1_225' title='bbox 568 1995 842 2045; x_wconf 79' lang='grc' dir='ltr'><em>συμπληρώσθω</em></span> <span class='ocrx_word' id='word_1_226' title='bbox 867 2000 905 2035; x_wconf 94' lang='grc' dir='ltr'><em>Ρ.</em></span> <span class='ocrx_word' id='word_1_227' title='bbox 1002 2004 1033 2035; x_wconf 83' lang='grc'><em>2.</em></span> <span class='ocrx_word' id='word_1_228' title='bbox 1060 2001 1123 2037; x_wconf 78' lang='grc' dir='ltr'><em>καὶ</em></span> <span class='ocrx_word' id='word_1_229' title='bbox 1148 1999 1226 2036; x_wconf 79' lang='grc' dir='ltr'><em>ἐπεί</em></span> <span class='ocrx_word' id='word_1_230' title='bbox 1250 2001 1317 2036; x_wconf 88' lang='lat' dir='ltr'>Pv.</span> <span class='ocrx_word' id='word_1_231' title='bbox 1407 2002 1480 2037; x_wconf 84' lang='grc' dir='ltr'><em>ὑπὸ</em></span> 
     </span>
     <span class='ocr_line' id='line_1_32' title="bbox 160 2043 1492 2095; baseline 0.003 -16"><span class='ocrx_word' id='word_1_232' title='bbox 160 2043 227 2089; x_wconf 83' lang='grc' dir='ltr'><em>τὴν</em></span> <span class='ocrx_word' id='word_1_233' title='bbox 253 2047 370 2088; x_wconf 88' lang='grc' dir='ltr'><em>ΑΒΔ,</em></span> <span class='ocrx_word' id='word_1_234' title='bbox 395 2048 504 2080; x_wconf 86' lang='lat' dir='ltr'><em>KAB</em></span> <span class='ocrx_word' id='word_1_235' title='bbox 528 2046 562 2081; x_wconf 91' lang='lat' dir='ltr'><em>b.</em></span> <span class='ocrx_word' id='word_1_236' title='bbox 683 2050 714 2081; x_wconf 87' lang='grc'><em>3.</em></span> <span class='ocrx_word' id='word_1_237' title='bbox 746 2048 833 2090; x_wconf 71' lang='grc' dir='ltr'><em>τῶν]</em></span> <span class='ocrx_word' id='word_1_238' title='bbox 858 2046 925 2091; x_wconf 87' lang='grc' dir='ltr'><em>τήν</em></span> <span class='ocrx_word' id='word_1_239' title='bbox 950 2047 984 2082; x_wconf 89' lang='lat' dir='ltr'><em>b.</em></span> <span class='ocrx_word' id='word_1_240' title='bbox 1100 2047 1196 2083; x_wconf 82' lang='grc' dir='ltr'><em>ἐστιν</em></span> <span class='ocrx_word' id='word_1_241' title='bbox 1220 2059 1252 2083; x_wconf 88' lang='lat' dir='ltr'>v.</span> <span class='ocrx_word' id='word_1_242' title='bbox 1365 2053 1397 2083; x_wconf 88' lang='lat'><em>4.</em></span> <span class='ocrx_word' id='word_1_243' title='bbox 1423 2047 1492 2095; x_wconf 76' lang='grc' dir='ltr'><em>τό]</em></span> 
     </span>
     <span class='ocr_line' id='line_1_33' title="bbox 162 2093 1478 2140; baseline 0.003 -15"><span class='ocrx_word' id='word_1_244' title='bbox 162 2102 250 2126; x_wconf 85' lang='lat' dir='ltr'>corr.</span> <span class='ocrx_word' id='word_1_245' title='bbox 279 2102 323 2125; x_wconf 83' lang='lat' dir='ltr'><em>ex</em></span> <span class='ocrx_word' id='word_1_246' title='bbox 347 2094 396 2138; x_wconf 81' lang='grc' dir='ltr'><em>τῷ</em></span> <span class='ocrx_word' id='word_1_247' title='bbox 420 2104 466 2127; x_wconf 91' lang='lat' dir='ltr'>m.</span> <span class='ocrx_word' id='word_1_248' title='bbox 493 2096 513 2127; x_wconf 84' lang='lat'>2</span> <span class='ocrx_word' id='word_1_249' title='bbox 540 2104 572 2127; x_wconf 86' lang='lat' dir='ltr'>v.</span> <span class='ocrx_word' id='word_1_250' title='bbox 682 2096 712 2127; x_wconf 85' lang='lat'>5.</span> <span class='ocrx_word' id='word_1_251' title='bbox 738 2093 834 2140; x_wconf 90' lang='grc' dir='ltr'><em>ΔΓ]</em></span> <span class='ocrx_word' id='word_1_252' title='bbox 860 2096 932 2128; x_wconf 90' lang='grc' dir='ltr'><em>ΑΓ</em></span> <span class='ocrx_word' id='word_1_253' title='bbox 952 2093 990 2128; x_wconf 88' lang='grc' dir='ltr'><em>Ρ.</em></span> <span class='ocrx_word' id='word_1_254' title='bbox 1105 2098 1135 2129; x_wconf 85' lang='lat'>6.</span> <span class='ocrx_word' id='word_1_255' title='bbox 1162 2093 1353 2129; x_wconf 81' lang='grc' dir='ltr'><em>ὑπόκειται</em></span> <span class='ocrx_word' id='word_1_256' title='bbox 1378 2114 1421 2120; x_wconf 81' lang='lat'><strong>—</strong></span> <span class='ocrx_word' id='word_1_257' title='bbox 1448 2097 1478 2130; x_wconf 89' lang='lat'>8.</span> 
     </span>
     <span class='ocr_line' id='line_1_34' title="bbox 161 2136 1478 2186; baseline 0.002 -14"><span class='ocrx_word' id='word_1_258' title='bbox 161 2138 270 2172; x_wconf 80' lang='grc' dir='ltr'><em>δοθει</em></span> <span class='ocrx_word' id='word_1_259' title='bbox 258 2136 305 2184; x_wconf 62' lang='lat' dir='ltr'><em>ig]</em></span> <span class='ocrx_word' id='word_1_260' title='bbox 332 2149 400 2173; x_wconf 90' lang='lat' dir='ltr'>om.</span> <span class='ocrx_word' id='word_1_261' title='bbox 427 2138 461 2174; x_wconf 88' lang='lat' dir='ltr'>b</span> <span class='ocrx_word' id='word_1_262' title='bbox 572 2142 601 2174; x_wconf 82' lang='lat'><em>7.</em></span> <span class='ocrx_word' id='word_1_263' title='bbox 628 2138 712 2186; x_wconf 80' lang='grc' dir='ltr'><em>καί]</em></span> <span class='ocrx_word' id='word_1_264' title='bbox 738 2150 806 2174; x_wconf 88' lang='lat' dir='ltr'>om.</span> <span class='ocrx_word' id='word_1_265' title='bbox 832 2139 915 2175; x_wconf 77' lang='lat' dir='ltr'>Vat.</span> <span class='ocrx_word' id='word_1_266' title='bbox 1025 2143 1056 2176; x_wconf 88' lang='grc'><em>8.</em></span> <span class='ocrx_word' id='word_1_267' title='bbox 1084 2139 1196 2186; x_wconf 80' lang='grc' dir='ltr'><em>ἐστιν]</em></span> <span class='ocrx_word' id='word_1_268' title='bbox 1222 2151 1289 2175; x_wconf 91' lang='lat' dir='ltr'>om.</span> <span class='ocrx_word' id='word_1_269' title='bbox 1316 2140 1350 2175; x_wconf 94' lang='lat' dir='ltr'>b.</span> <span class='ocrx_word' id='word_1_270' title='bbox 1447 2143 1478 2175; x_wconf 87' lang='grc'><em>9.</em></span> 
     </span>
     <span class='ocr_line' id='line_1_35' title="bbox 160 2182 1479 2232; baseline 0.002 -13"><span class='ocrx_word' id='word_1_271' title='bbox 160 2184 242 2230; x_wconf 90' lang='grc' dir='ltr'><em>ΔΛ]</em></span> <span class='ocrx_word' id='word_1_272' title='bbox 270 2187 297 2219; x_wconf 92' lang='grc' dir='ltr'><em>Β</em></span> <span class='ocrx_word' id='word_1_273' title='bbox 322 2184 356 2219; x_wconf 90' lang='lat' dir='ltr'>b.</span> <span class='ocrx_word' id='word_1_274' title='bbox 469 2184 525 2231; x_wconf 91' lang='grc' dir='ltr'><em>τό]</em></span> <span class='ocrx_word' id='word_1_275' title='bbox 550 2182 617 2229; x_wconf 80' lang='grc' dir='ltr'><em>τήν</em></span> <span class='ocrx_word' id='word_1_276' title='bbox 642 2185 676 2222; x_wconf 93' lang='lat' dir='ltr'>b.</span> <span class='ocrx_word' id='word_1_277' title='bbox 785 2187 882 2232; x_wconf 88' lang='grc' dir='ltr'><em>ΕΗ]</em></span> <span class='ocrx_word' id='word_1_278' title='bbox 912 2189 987 2221; x_wconf 90' lang='grc' dir='ltr'><em>ΖΗ</em></span> <span class='ocrx_word' id='word_1_279' title='bbox 1008 2186 1042 2221; x_wconf 93' lang='lat' dir='ltr'>b.</span> <span class='ocrx_word' id='word_1_280' title='bbox 1156 2185 1219 2222; x_wconf 80' lang='grc' dir='ltr'><em>καί</em></span> <span class='ocrx_word' id='word_1_281' title='bbox 1244 2207 1287 2213; x_wconf 91' lang='lat'>-</span> <span class='ocrx_word' id='word_1_282' title='bbox 1315 2191 1367 2222; x_wconf 90' lang='grc'><em>10.</em></span> <span class='ocrx_word' id='word_1_283' title='bbox 1394 2185 1479 2232; x_wconf 81' lang='grc' dir='ltr'><em>γάρ]</em></span> 
     </span>
     <span class='ocr_line' id='line_1_36' title="bbox 160 2229 1480 2278; baseline 0.003 -14"><span class='ocrx_word' id='word_1_284' title='bbox 160 2241 229 2265; x_wconf 90' lang='lat' dir='ltr'>om.</span> <span class='ocrx_word' id='word_1_285' title='bbox 256 2230 290 2265; x_wconf 87' lang='lat' dir='ltr'><em>b.</em></span> <span class='ocrx_word' id='word_1_286' title='bbox 389 2234 420 2266; x_wconf 84' lang='lat'>9.</span> <span class='ocrx_word' id='word_1_287' title='bbox 446 2233 531 2277; x_wconf 80' lang='lat' dir='ltr'><em>AB]</em></span> <span class='ocrx_word' id='word_1_288' title='bbox 558 2235 621 2267; x_wconf 91' lang='lat' dir='ltr'><em>BA</em></span> <span class='ocrx_word' id='word_1_289' title='bbox 645 2244 677 2267; x_wconf 85' lang='lat' dir='ltr'>v.</span> <span class='ocrx_word' id='word_1_290' title='bbox 774 2236 826 2268; x_wconf 90' lang='lat'>11.</span> <span class='ocrx_word' id='word_1_291' title='bbox 853 2229 930 2278; x_wconf 86' lang='lat' dir='ltr'><em>AA]</em></span> <span class='ocrx_word' id='word_1_292' title='bbox 956 2236 1019 2268; x_wconf 87' lang='lat' dir='ltr'><em>AA</em></span> <span class='ocrx_word' id='word_1_293' title='bbox 1044 2245 1076 2269; x_wconf 87' lang='lat' dir='ltr'>v.</span> <span class='ocrx_word' id='word_1_294' title='bbox 1174 2237 1228 2268; x_wconf 89' lang='grc'><em>19.</em></span> <span class='ocrx_word' id='word_1_295' title='bbox 1254 2235 1419 2278; x_wconf 85' lang='grc' dir='ltr'><em>παραλλη</em></span> <span class='ocrx_word' id='word_1_296' title='bbox 1421 2235 1480 2268; x_wconf 86' lang='grc' dir='ltr'><em>λο-</em></span> 
     </span>
    </p>
   </div>
   <div class='ocr_carea' id='block_1_15' title="bbox 134 2275 1478 2327">
    <p class='ocr_par' dir='ltr' id='par_1_15' title="bbox 134 2275 1478 2327">
     <span class='ocr_line' id='line_1_37' title="bbox 134 2275 1478 2327; baseline 0.002 -15"><span class='ocrx_word' id='word_1_297' title='bbox 134 2289 136 2291; x_wconf 69' lang='grc'><strong><em>’</em></strong></span> <span class='ocrx_word' id='word_1_298' title='bbox 162 2275 353 2324; x_wconf 77' lang='grc' dir='ltr'><em>γράμμων]</em></span> <span class='ocrx_word' id='word_1_299' title='bbox 385 2288 473 2313; x_wconf 87' lang='lat' dir='ltr'>corr.</span> <span class='ocrx_word' id='word_1_300' title='bbox 501 2289 545 2313; x_wconf 85' lang='lat' dir='ltr'><em>ex</em></span> <span class='ocrx_word' id='word_1_301' title='bbox 576 2279 813 2323; x_wconf 83' lang='grc' dir='ltr'><em>παραλλήλων</em></span> <span class='ocrx_word' id='word_1_302' title='bbox 843 2291 889 2314; x_wconf 88' lang='grc'><em>111.</em></span> <span class='ocrx_word' id='word_1_303' title='bbox 916 2283 935 2314; x_wconf 83' lang='grc'>2</span> <span class='ocrx_word' id='word_1_304' title='bbox 961 2279 1044 2315; x_wconf 74' lang='lat' dir='ltr'>Vat.</span> <span class='ocrx_word' id='word_1_305' title='bbox 1165 2280 1263 2327; x_wconf 89' lang='lat' dir='ltr'><em>EH]</em></span> <span class='ocrx_word' id='word_1_306' title='bbox 1296 2281 1418 2315; x_wconf 84' lang='grc' dir='ltr'><em>ΕΘΗ</em></span> <span class='ocrx_word' id='word_1_307' title='bbox 1443 2279 1478 2315; x_wconf 91' lang='lat' dir='ltr'>b.</span> 
     </span>
    </p>
   </div>
   <div class='ocr_carea' id='block_1_16' title="bbox 1497 0 1520 2508">
    <p class='ocr_par' dir='ltr' id='par_1_16' title="bbox 1497 0 1520 2508">
     <span class='ocr_line' id='line_1_38' title="bbox 1497 0 1520 2508; baseline 0 0"><span class='ocrx_word' id='word_1_308' title='bbox 1497 0 1520 2508; x_wconf 95' lang='lat' dir='ltr'><em> </em></span> 
     </span>
    </p>
   </div>
  </div>
 </body>
</html>
