1520 2508
201 91 261 132 46
731 89 995 123 AEAOMENA.

201 186 318 240 πρὸς
347 185 395 226 τὸ
426 184 510 226 ὑπὸ
536 190 623 224 τῶν
647 186 702 236 A,
723 184 770 236 Γ,
801 182 860 232 ὡς
883 180 931 224 δὲ
955 182 1042 236 ἡΔ
1070 185 1178 239 πρὸς
1201 185 1280 239 τὴν
1305 186 1436 243 2,οῧ
1472 187 1475 190 ’

201 255 251 296 τὸ
285 253 367 295 ἀπὸ
399 259 473 307 τῆς
496 256 539 294 A
568 253 675 307 πρὸς
705 252 753 294 τὸ
782 251 867 294 ὑπὸ
898 259 984 294 τῶν
1008 257 1063 307 Δ,
1091 256 1140 308 Ζ,
1162 253 1229 303 ὡς
1257 255 1340 310 ἄρα
1363 256 1411 297 τὸ
1479 264 1487 315 ’ἱ
1510 250 1515 285 ἶ

201 329 277 376 τῆς
307 326 350 363 A
385 323 493 377 πρὸς
528 322 576 363 τὸ
612 321 697 363 ὑπὸ
727 327 815 363 τῶν
843 325 904 375 A,
930 323 979 376 Γ,
1015 322 1152 372 οὕτως
1181 324 1229 365 τὸ
1260 323 1342 366 ἀπὸ
1372 330 1446 379 τῆς

199 393 312 446 πρὸς
344 393 392 433 τὸ
422 391 626 433 ὑπὸ-τῶν
655 394 711 444 Δ,
738 393 784 432 Ζ.
845 390 951 433 ἀλλὰ
981 398 1040 448 τῷ
1071 390 1148 446 μὲν
1177 392 1262 434 ὑπὸ
1293 400 1379 435 τῶν
1402 398 1456 449 A,
1480 383 1509 432 ’ς

153 470 176 500 5
201 466 301 503 ἴσον
340 460 430 503 ἐστὶ
467 462 515 502 τὸ
553 460 634 502 ἀπὸ
671 466 746 514 τῆς
775 462 830 501 Β·
873 461 921 502 αἱ
953 461 1035 516 γὰρ
1072 466 1127 515 Α,
1151 464 1202 516 Β,
1228 463 1270 503 Γ
1304 449 1513 518 ἀνάλογλ]

200 532 329 573 εἰσιν·
367 536 425 588 τῷ
458 527 505 571 δὲ
534 529 619 572 ὑπὸ
650 536 737 571 τῶν
766 533 822 583 Δ,
849 532 884 571 Ζ
921 533 1017 572 ἴσον
1048 529 1137 572 ἐστὶ
1166 531 1214 572 τὸ
1246 530 1328 573 ἀπὸ
1359 538 1432 586 τῆς
1497 519 1510 585 v7

201 600 261 649 ὡς
292 601 375 656 ἄρα
405 600 453 641 τὸ
485 598 567 641 ἀπὸ
597 604 672 653 τῆς
701 602 744 639 A
778 599 886 654 πρὸς
915 600 962 641 τὸ
994 599 1076 642 ἀπὸ
1107 606 1181 654 τῆς
1210 603 1266 655 Β,
1303 600 1438 651 οὕτως

202 669 287 711 ἀπὸ
320 675 395 723 τῆς
418 673 462 711 A
491 669 599 724 πρὸς
627 669 676 710 τὸ
707 667 790 710 ἀπὸ
814 674 889 722 τῆς
912 671 967 710 Ε·
998 668 1070 710 καὶ
1099 669 1158 719 ὡς
1185 670 1268 725 ἄρα
1291 670 1318 724 ἡ
1341 674 1384 712 Λ
1411 685 1468 728 πρ
1508 677 1512 683 “

200 740 280 792 τὴν
306 742 371 793 Β,·
390 739 526 788 οὕτως
555 737 581 791 ἡ
606 741 650 780 Δ
678 738 786 793 πρὸς
816 738 894 792 τὴν
912 741 962 779 Ε.
1011 740 1138 792 λόγος
1168 737 1215 780 δε
1239 745 1314 793 τῆς
1339 744 1382 781 A
1410 754 1441 782 π

128 815 175 846 10
198 809 281 862 τὴν
323 811 364 850 Ε
406 809 569 857 δοθειΗς
619 808 746 860 λόγος
787 808 870 862 ἄρα
911 806 982 849 καὶ
1023 814 1098 862 τῆς
1135 813 1177 850 Α
1217 809 1324 863 πρὸς
1365 810 1443 863 τὴν
1474 794 1517 862 ᾖ

195 877 356 927 δοθείς.

819 956 895 999 κε’.
1494 1001 1500 1016 ι,

281 1037 386 1080 Ἐὰν
428 1039 509 1080 δύο
552 1037 741 1094 γραμμαὶ
783 1045 834 1093 τῇ
876 1038 996 1080 θέσει
1038 1038 1263 1094 δεδομέναι
1305 1021 1520 1165 τέμνωσζὲ

198 1107 402 1162 ἀλλήλας,
434 1107 606 1149 δέδοται
636 1108 684 1150 τὸ
710 1106 909 1162 σημεῖον,
945 1106 1047 1176 καθ’
1076 1107 1098 1149 ὃ
1129 1107 1359 1162 τέμνουσιν
1389 1109 1466 1152 ἀλλ

126 1186 171 1217 15
198 1181 293 1232 λας,
323 1184 374 1233 τῇ
405 1176 537 1219 θέσει.
1493 1148 1520 1237 {²

287 1248 368 1289 δύο
399 1248 481 1302 γὰρ
512 1245 702 1302 γραμμαὶ
738 1252 790 1302 τῇ
819 1246 940 1289 θέσει
977 1246 1202 1302 δεδομέναι
1238 1248 1287 1289 αι
1312 1251 1411 1302 ΑΒ,
1436 1247 1519 1300 ΓΑ

201 1316 472 1371 τεμνέτωσαν
509 1317 694 1370 ἀλλήλας
728 1332 839 1358 κατα
872 1317 919 1358 τὸ
951 1319 992 1358 Ε
1025 1325 1212 1371 σημεῖον.
1277 1310 1416 1372 λέγω,
1446 1301 1520 1362 &i

199 1385 337 1428 δοθέν
367 1385 456 1428 ἐστι
486 1387 534 1428 τὸ
564 1389 606 1428 Ε
633 1393 819 1441 σημεῖον.

285 1456 326 1497 εἰ
342 1455 426 1511 γὰρ
446 1456 517 1510 μή,
541 1464 833 1510 μεταπεσεῖται
857 1456 905 1497 ’τὸ
924 1458 966 1497 Ε
988 1463 1175 1510 σημεῖον.
1221 1461 1512 1510 μεταπεσεῖταὲ

124 1532 171 1564 20
197 1541 282 1580 αρα
311 1523 384 1566 καὶ
407 1531 507 1579 μιᾶς
531 1532 618 1567 τῶν
642 1528 740 1580 AB,
762 1527 840 1567 ΓΔ
869 1525 895 1579 ἡ
920 1524 1055 1575 θέ.σις
1107 1525 1158 1567 οὐ
1183 1527 1427 1580 μεταπίπτει
1452 1523 1516 1610 δέὲ

199 1591 335 1636 δοθὲν
366 1595 449 1650 ἄρα
481 1592 569 1636 ἐστὶ
600 1595 647 1636 τὸ
678 1598 720 1636 Ε
747 1601 933 1649 σημεῖον.
1504 1613 1506 1615 ·

811 1759 860 1789 κς
884 1776 892 1785 .
1501 1785 1504 1790 ,

279 1825 381 1868 Ἐὰν
423 1826 597 1875 εὐθείας
639 1831 834 1880 γραμμῆς
869 1826 920 1867 τὰ
956 1824 1116 1880 πέρατα
1152 1822 1179 1881 ᾗ
1215 1825 1422 1880 δεδομένα
1456 1828 1510 1880 τῇ

201 1894 337 1950 θέσει,
368 1894 540 1937 δέδοται
570 1894 596 1949 ἡ
627 1895 777 1937 εὐθεῖα
806 1901 857 1950 τῇ
887 1894 1008 1937 θέσει
1037 1893 1109 1936 καὶ
1138 1901 1197 1952 τῷ
1227 1894 1410 1949 μεγέθει.

122 1972 168 2003 25
282 1965 458 2014 εὐθείας
488 1966 570 2019 γὰρ
601 1970 795 2021 γραμμῆς
818 1965 870 2006 τὰ
893 1963 1058 2019 πέρατα
1078 1965 1130 2006 τὰ
1154 1969 1208 2018 A,
1233 1967 1269 2006 B
1301 1962 1516 2019 δεδομένας·

289 2140 319 2171 2.
345 2137 433 2183 τῶν]
459 2136 543 2171 add.
568 2148 614 2171 m.
642 2140 662 2171 2
686 2136 769 2171 Vat.
875 2139 907 2170 4.
933 2136 996 2183 τῷ]
1020 2135 1060 2171 τό
1084 2135 1168 2170 Vat.
1264 2139 1295 2170 6.
1320 2138 1368 2182 τῷ
1406 2133 1447 2169 τό
1470 2143 1520 2172 a«

239 2182 296 2241 τό]
321 2186 370 2229 τῷ
395 2194 427 2217 a.
512 2187 566 2218 11.
593 2183 673 2227 Seq.
694 2182 887 2217 demonstr.
908 2172 1036 2227 altera,
1060 2193 1094 2216 u.
1114 2193 1197 2240 app.
1279 2185 1331 2216 14
1417 2188 1514 2219 comi.

195 2239 238 2264 ex
264 2228 288 2263 ἅ
313 2241 359 2263 m.
381 2233 401 2263 2
420 2229 504 2264 Vat.
584 2233 637 2263 15
663 2235 709 2288 τῇ
730 2227 848 2275 θέσει]
874 2239 942 2264 om.
963 2230 995 2274 β.
1070 2232 1122 2263 16.
1148 2227 1232 2274 γάρ]
1258 2238 1325 2263 om.
1346 2238 1378 2263 a.
1449 2213 1520 2283 Ῑῦιῖ,

196 2275 251 2321 Ε]
277 2286 346 2310 om.
367 2286 399 2310 a.
497 2278 549 2310 19
577 2275 640 2322 μή]
665 2276 825 2311 &svamm
851 2286 882 2310 a.
978 2278 1032 2310 20.
1058 2274 1146 2321 ἄρα]
1171 2285 1239 2309 om.
1259 2285 1291 2308 a.
1387 2275 1440 2308 23.
1464 2263 1520 2322 fil}
