1520 2508
100 803 143 834 10

100 1149 142 1180 15

167 76 250 117 156
694 76 962 111 ΔΕΔΟΜΕΝΑ.

165 171 245 224 τὴν
274 171 383 225 πρὸς
419 175 478 225 τςό
509 173 570 222 Α,
612 167 684 210 καὶ
715 169 763 210 τὸ
793 167 878 210 ὑπὸ
909 177 996 212 τῶν
1025 173 1160 212 ΒΑΓ
1187 172 1296 227 πρὸς
1325 173 1373 214 τὸ
1404 167 1499 226 ἀπὸῖ

165 245 240 293 τῆς
265 241 352 280 ΒΓ
375 240 506 291 λόγον
539 237 664 291 ἐχέτω
696 236 948 292 δεδομένον·
980 238 1102 293 λέγω,
1134 240 1199 282 ὅτι
1231 239 1403 283 δέδοται
1433 239 1502 284 τὸὲ

165 310 304 349 ΑΒΓ
327 309 542 362 τρίγωνον
572 313 631 363 τῷ
664 308 781 348 εἴδει.

252 378 460 430 ήχθωσαν
503 376 585 431 γὰρ
630 376 712 418 ἀπὸ
755 383 842 418 τῶν
885 381 945 431 A,
976 380 1013 418 Β
1059 377 1127 419 ε’πι
1169 379 1245 428 τὰς
1280 382 1380 433 ΒΓ
1413 371 1510 431 I'Agv

165 446 344 488 κάθετοι
381 446 429 487 αἰ
457 448 557 499 ΒΔ,
582 448 680 486 ΑΕ.
742 444 831 487 ἐπεὶ
863 443 944 488 οὖν
975 447 1156 488 δοθεῖσα
1190 447 1307 490 ἐστιν
1343 449 1369 502 ἡ
1405 441 1513 491 ὑπὸΪ

165 518 292 556 ΒΑΔ
323 517 478 568 γωνία,
516 516 605 556 ἔστι
642 512 690 556 δὲ
725 513 796 556 καὶ
833 515 859 568 ἡ
890 515 974 557 ὑπὸ
1006 524 1093 558 τῶν
1124 520 1256 558 ΑΔΒ
1294 517 1520 603 δοθεῖσαἈ

167 584 340 626 δέδοται
377 586 461 640 ἄρα
496 585 545 626 τὸ
577 587 708 626 ΑΔΒ
739 587 955 640 τρίγωνον
991 592 1051 642 τςό
1084 587 1206 628 εἴδει·
1250 589 1377 640 λόγος
1407 589 1513 642 ἄρα

167 653 256 696 ἐστὶ
287 660 362 708 τῆς
386 657 473 695 ΑΒ
502 654 611 709 πρὸς
642 655 721 708 τὴν
747 657 828 695 ΒΔ
859 655 1026 704 δοθείς·
1059 656 1167 697 ὥστε
1197 655 1270 698 καὶ
1301 662 1379 697 τοῦ
1403 656 1489 698 ὑπὸ
1509 667 1520 695 33

168 731 255 766 τῶν
296 725 434 765 ΒΑΓ
468 724 577 778 πρὸς
619 724 666 765 τὸ
709 723 794 765 ὑπὸ
837 730 925 765 τῶν
968 727 1066 778 ΑΓ,
1104 728 1187 766 ΒΛ
1233 727 1360 779 λόγος
1403 724 1513 767 ἐστι

168 793 328 842 δοθείς.
394 799 454 849 τῷ
491 790 538 833 δὲ
575 792 659 834 ὑπὸ
697 799 785 834 τῶν
814 795 913 846 ΑΓ,
944 796 1026 834 ΒΔ
1064 798 1160 836 ἴσον
1200 793 1289 836 ἐστὶ
1325 795 1373 836 τὸ
1406 794 1490 836 ὑπὸ

165 869 253 904 τῶν
278 864 372 916 ΒΓ,
392 866 434 903 Α
441 865 496 903 Ε·
529 860 730 918 ἑκάτερον
761 862 843 917 γὰρ
875 862 1020 904 αὐτῶν
1040 863 1272 905 διπλάσιόν
1298 863 1386 905 ἐστι
1411 869 1488 905 τοῦ

167 933 306 973 ΑΒΓ
340 933 574 987 τριγώνου·
618 933 745 984 λόγος
782 932 866 987 ἄρα
902 931 972 973 καὶ
1009 938 1087 973 τοῦ
1125 932 1210 974 ὑπὸ
1248 939 1335 974 τῶν
1365 934 1500 974 ΒΑΓ

166 1001 275 1055 πρὸς
310 1001 359 1042 τὸ
396 1001 481 1043 ὑπὸ
518 1008 606 1042 τῶν
638 1003 738 1053 ΒΓ,
764 1004 853 1042 ΑΕ
887 1002 1054 1050 δοθείς·
1097 1007 1176 1043 τοῦ
1210 999 1258 1043 δὲ
1287 1002 1373 1043 ὑπὸ
1405 1009 1493 1043 τῶν

168 1071 301 1111 ΒΑΓ
335 1071 443 1125 πρὸς
480 1071 527 1111 τὸ
566 1069 648 1111 ἀπὸ
686 1075 761 1123 τῆς
791 1072 881 1111 ΒΓ
917 1072 1044 1123 λόγος
1082 1070 1171 1112 ἐστὶ
1209 1071 1373 1120 δοθείς·
1421 1070 1520 1129 καὶ..

168 1144 247 1180 τοῦ
289 1139 374 1181 ὑπὸ
417 1146 505 1180 τῶν
547 1141 641 1193 ΒΓ
674 1142 763 1180 ΑΕ
809 1140 892 1195 ἄρα
934 1141 1043 1195 πρὸς
1085 1141 1133 1182 τὸ
1176 1140 1260 1182 ἀπὸ
1301 1146 1377 1194 τῆς
1413 1140 1520 1198 BP}

169 1210 296 1262 λόγος
333 1207 423 1250 ἐστὶ
454 1209 623 1261 δοθείς,
659 1206 730 1249 καὶ
767 1214 842 1262 τῆς
872 1211 960 1250 ΒΓ
983 1209 1091 1264 πρὸς
1124 1212 1213 1250 ΑΕ
1246 1210 1375 1262 λόγος
1405 1208 1520 1250 έστὶῖ

126 1268 140 1276 ”
169 1279 330 1327 δοθείς.

98 1494 143 1526 20

257 1347 467 1389 ἐκκείσθω
499 1352 550 1401 τῇ
574 1344 697 1387 θέσει
728 1344 801 1387 καὶ
825 1352 884 1402 τῷ
909 1346 1083 1400 μεγέθει
1109 1347 1317 1401 δεδομένη
1343 1347 1493 1389 εὐθεῖα
1518 1391 1520 1393 ,

168 1416 194 1470 ἡ
234 1418 341 1470 ΖΗ,
378 1414 449 1457 καὶ
486 1415 725 1470 γεγράφθω
764 1414 832 1456 ἐπὶ
869 1421 944 1469 τῆς
976 1419 1069 1457 ΖΗ
1099 1422 1242 1470 τμῆμα
1277 1418 1326 1458 τὸ
1360 1410 1500 1458 ΖΘΗ

168 1485 402 1539 δεχόμενον
432 1486 598 1537 γωνίαν
630 1488 729 1537 ἴσην
759 1490 810 1539 τῇ
841 1483 926 1525 ὑπὸ
952 1492 1039 1526 τῶν
1060 1488 1207 1526 ΒΑΓ·
1239 1486 1421 1527 δοθεῖσα
1446 1483 1494 1527 δὲ

168 1553 194 1608 ἡ
231 1554 316 1595 ὑπὸ
354 1561 442 1595 τῶν
480 1555 613 1595 ΒΑΓ
647 1555 804 1606 γωνία·
853 1554 1035 1595 δοθεῖσα
1073 1555 1156 1610 ἄρα
1191 1553 1263 1596 καὶ
1299 1555 1326 1609 ἡ
1357 1555 1404 1596 ἐν
1433 1561 1492 1611 τῷ

171 1625 314 1665 ΖΘΗ
338 1614 522 1677 τμήματι
547 1624 701 1676 γωνία·
733 1621 854 1664 θέσει
879 1623 963 1678 ἄρα
989 1622 1077 1664 ἐστὶ
1102 1624 1149 1665 τὸ
1172 1626 1315 1665 ΖΘΗ
1340 1630 1492 1678 τμῆμα.

263 1752 294 1783 1.
326 1749 418 1792 πρὸς
441 1748 506 1794 τῷ]
532 1758 601 1782 om.
628 1747 662 1782 b.
776 1748 840 1793 τῷ]
865 1747 905 1782 τό
931 1747 970 1782 Ρ.
1080 1747 1120 1782 τό
1140 1750 1205 1792 (pr.
1208 1748 1236 1794 )]
1262 1759 1351 1783 corr.
1378 1759 1422 1782 ex
1444 1751 1494 1794 τῷ

169 1807 215 1830 m.
243 1799 263 1830 2
289 1806 322 1830 v.
420 1797 478 1828 BA
489 1794 542 1840 Γ]
567 1796 677 1828 ΑΒΓ
696 1793 816 1828 PVat.
919 1797 951 1828 2.
977 1791 1082 1840 λέγω]
1108 1795 1220 1839 δῆλον
1246 1794 1280 1830 b
1324 1805 1328 1810 ·
1377 1783 1494 1839 Supra

170 1840 320 1876 δέδοται
345 1841 429 1875 add.
457 1839 529 1885 ἄρα
555 1841 674 1885 (comp
678 1839 827 1884 ..‚)Vat
866 1839 1009 1874 de1.m
1036 1844 1066 1874 2.
1186 1844 1217 1875 4.
1250 1839 1335 1899 γάρ]
1362 1851 1431 1876 om.
1456 1840 1491 1875 b.

215 1887 296 1934 τάς]
321 1887 389 1931 τήν
414 1887 449 1921 b.
535 1890 566 1921 6
591 1886 658 1931 τὴν
685 1889 777 1920 ΒΑΔ
802 1886 836 1920 b.
917 1885 1012 1921 ἔστιν
1037 1898 1069 1921 v.
1147 1892 1219 1921 τῶν
1260 1886 1327 1930 τήν
1351 1886 1386 1921 b.
1461 1891 1491 1922 7.

170 1934 243 1978 ἄρα
263 1936 328 1978 (pr.
331 1935 359 1980 )]
386 1944 454 1968 om
481 1933 516 1968 b.
614 1935 644 1967 8.
673 1933 753 1978 τοῦ]
778 1931 818 1966 τό
843 1931 878 1966 b.
976 1936 1006 1966 9.
1038 1938 1111 1967 τῶν
1130 1934 1209 1977 (pr.)
1257 1938 1319 1977 τῆς
1337 1933 1378 1975 b;
1404 1932 1494 1967 item

169 1980 232 2015 lin.
262 1979 591 2036 10,11,13ςε,11;..)
677 1982 707 2014 9.
736 1981 894 2013 ΒΑΓ-
914 1979 1001 2024 τῶν]
1028 1990 1097 2013 om.
1123 1978 1207 2013 Vafi.
1291 1985 1363 2014 τῶν
1383 1978 1460 2023 (alt
1463 1979 1491 2024 )]

169 2032 233 2061 τοῦ
258 2026 293 2060 b.
379 2008 433 2060 10.
460 2026 522 2071 δε]
549 2036 617 2060 om.
643 2025 678 2060 b.
751 2025 829 2070 BA]
855 2027 923 2058 AB
949 2036 981 2058 v.
1070 2029 1123 2059 11.
1150 2023 1357 2070 διπλάσιον]
1384 2036 1494 2069 supra

170 2073 253 2107 add.
279 2084 326 2107 m.
347 2075 367 2107 2
392 2072 477 2107 Vat.
573 2070 670 2106 ἐστιν
695 2083 727 2106 v.
825 2074 878 2104 12.
905 2071 1032 2116 ΑΒΓ]
1058 2073 1161 2105 ΑΓΒ
1186 2083 1218 2106 v.
1316 2074 1370 2105 13.
1397 2071 1491 2116 ΒΓ]

172 2122 206 2153 Γ
227 2129 338 2163 supra
363 2129 428 2153 scr.
454 2129 501 2152 m.
530 2121 547 2151 1
574 2117 609 2152 b.
718 2120 771 2152 15
798 2116 869 2151 ὑπὸ
893 2118 982 2162 τῶν]
1009 2127 1077 2152 om.
1104 2117 1138 2152 b.
1247 2116 1335 2163 ἄρα]
1362 2127 1430 2151 om.
1457 2117 1491 2151 b.

218 2169 270 2199 16.
296 2162 417 2199 καί-
434 2167 487 2198 17.
503 2162 645 2209 δοθεὶς]
666 2174 735 2198 om.
749 2163 784 2197 b.
864 2166 917 2197 20.
945 2162 1159 2209 δεχόμενον]
1186 2161 1317 2207 δεδομέ
1367 2176 1388 2198 ν
1410 2162 1493 2208 ἔχον

109 2203 113 2206 ’
168 2211 288 2246 PVat.
297 2222 330 2245 v.
404 2209 501 2256 ἴσην]
528 2221 638 2254 supra
662 2220 727 2244 scr.
754 2221 800 2244 m.
827 2212 848 2243 2
873 2220 906 2244 v.
985 2210 1072 2255 τῶν]
1096 2214 1160 2254 τῆς
1185 2209 1219 2253 b,
1246 2209 1296 2243 ite
1298 2176 1416 2243 mmiin.
1437 2213 1491 2244 21.

217 2261 271 2292 21.
298 2259 347 2303 τῷ
373 2277 416 2282 —
442 2260 497 2291 22
527 2255 767 2301 ΖΘΗ(α]ι.)]
797 2257 897 2290 ΖῙΗ
924 2254 958 2289 b.
