1520 2508
624 56 764 91 DATA.
1095 35 1097 38 ’
1317 54 1372 96 61

0 172 6 221 k
113 155 291 198 ducatur
321 152 435 195 enim
473 167 498 194 a
527 154 689 207 puncto
723 155 765 194 A
802 152 856 194 ad
888 153 978 194 ΒΓ
1007 151 1373 207 perpendicularis

0 225 127 279 ῘΑΘ.
185 223 387 280 quoniam
417 237 443 264 a
473 222 574 264 dato
611 225 773 278 puncto
807 226 849 264 A
889 222 943 264 ad
979 225 1143 264 rectam
1176 224 1266 264 ΒΓ
1300 236 1374 278 po-

0 293 3 354 f
32 297 181 340 sitione
217 295 360 337 datam
396 295 514 335 reeta
549 292 664 335 linea
701 293 830 335 ducta
868 296 935 335 est
972 295 1063 335 ΑΘ
1099 293 1249 335 datum
1286 293 1375 335 effi-

0 368 2 373 ’
34 351 49 393 ‘.
658 364 775 406 ciens
796 364 1004 420 angulum
1025 366 1176 419 ΑΘΔ,
1193 367 1284 406 ΑΘ
1302 378 1375 420 po-

0 483 1 500 *
249 411 287 444 A
657 434 815 477 sitione
836 435 937 476 data
956 435 1038 477 erit
1064 435 1203 490 [prop.
1218 434 1373 490 ΧΧΧ].

31 523 59 558 z
186 524 229 557 E
311 521 400 564 L
493 521 544 554 Η
655 520 808 547 uerum
851 505 984 548 etiam
1028 508 1118 547 ΒΓ
1156 505 1374 561 positione
1444 533 1455 542 ·

0 561 1 564 Ἴ
38 562 120 567 —
180 609 202 645 s
656 577 757 619 data
793 580 877 632 est3
921 576 1066 632 itaque
1097 579 1308 631 punctum
1338 579 1375 619 Θ

656 649 806 690 datum
837 651 903 690 est
935 648 1073 703 [prop.
1099 647 1255 702 XXV]
1306 662 1376 689 ue-

20 704 60 736 B
84 755 126 790 A
287 756 324 792 Θ
497 706 538 738 Γ
657 734 755 761 rum
812 719 944 761 etiam
993 722 1036 760 A
1091 719 1240 760 datum
1296 721 1374 760 est.

659 804 762 846 ergo
813 794 856 832 A
872 793 910 832 Θ
959 790 1059 831 data
1117 793 1184 831 est
1234 789 1373 845 [prop.

28 860 204 917 XXVI]
283 864 326 903 et
375 861 579 916 quoniam
622 861 734 903 ratio
784 864 876 903 AE
899 877 909 903 z
934 864 1022 903 EA
1072 861 1172 902 data
1215 863 1282 902 est
1331 864 1375 902 et

27 935 249 975 AE:EA
267 953 323 966 =
346 934 460 975 &JKz
481 934 572 974 KA
604 931 697 988 [VI‚
729 931 793 987 2],
838 932 970 974 etiam
1001 932 1113 974 ratio
1148 933 1262 973 ΘΚε
1283 933 1375 973 KA

29 1003 126 1046 data
155 1003 236 1046 erit
267 1003 365 1059 [def.
393 1003 450 1058 2].
507 1003 803 1058 componendo
835 1003 972 1059 igitur
1002 1002 1116 1045 ratio
1152 1005 1233 1044 ΘΑ
1253 1018 1261 1043 :
1284 1004 1379 1044 AK

31 1073 128 1116 data
152 1077 217 1116 est
242 1074 379 1130 [prop.
399 1073 493 1129 VI]
545 1074 646 1116 data
671 1077 736 1116 est
762 1077 907 1116 autem
935 1077 1027 1116 ΘΑ.
1078 1088 1210 1128 quare
1242 1073 1375 1115 etiam

31 1148 73 1187 A
78 1142 124 1187 K
143 1145 242 1187 data
260 1148 325 1187 est
344 1145 483 1200 [prop.
497 1144 575 1199 ΙΙ].
615 1159 767 1186 uerum
787 1144 919 1186 etiam
937 1144 1155 1199 positione
1175 1145 1276 1186 data
1295 1147 1374 1187 est.

31 1218 74 1257 et
101 1219 307 1271 punctum
338 1219 380 1258 A
416 1216 565 1257 datum
596 1219 680 1271 est3
721 1230 852 1270 quare
884 1215 1017 1257 etiam
1047 1218 1094 1257 K
1127 1216 1277 1257 datum
1309 1219 1385 1267 est

30 1284 165 1341 [prop.
193 1285 390 1342 XXVII}
450 1286 538 1328 iam
570 1286 775 1341 quoniam
804 1301 881 1342 per
913 1287 1062 1328 datum
1092 1289 1302 1342 punctum
1334 1289 1379 1328 K

32 1359 168 1398 rectae
203 1357 416 1412 positione
454 1358 578 1399 datae
617 1359 707 1399 ΒΓ
741 1358 949 1413 parallela
989 1360 1090 1399 ZH
1127 1358 1256 1400 ducta
1297 1362 1375 1412 est,

33 1428 126 1468 ZH
147 1427 359 1483 positione
391 1429 490 1470 data
522 1428 603 1470 erit
635 1429 776 1484 [prop.
805 1427 1028 1483 XXVHI]

601 1557 798 1600 XXXVI.

118 1636 165 1679 Si
195 1652 220 1679 a
250 1639 348 1681 dato
379 1643 539 1695 puncto
573 1640 626 1681 ad
657 1643 819 1682 rectam
844 1640 1061 1696 positione
1087 1641 1232 1683 datam
1257 1645 1376 1684 recta

32 1707 141 1750 linea
170 1709 350 1763 ducitur,
380 1709 502 1764 eique
534 1710 680 1765 aliqua
709 1714 827 1753 recta
858 1711 1058 1753 adjicitur
1082 1711 1296 1754 rationem
1322 1713 1375 1753 ad

35 1792 126 1820 eam
159 1779 321 1822 habens
358 1781 519 1835 datam,
558 1784 601 1822 et
637 1796 714 1837 per
744 1782 978 1824 terminum
1010 1782 1200 1824 adiectae
1232 1785 1375 1825 rectae

34 1852 149 1891 recta
182 1850 296 1892 linea
337 1851 506 1893 ducitur
543 1854 684 1894 rectae
728 1853 946 1907 positione
990 1853 1114 1895 datae
1156 1853 1376 1908 parallela,

33 1919 158 1962 ducta
186 1924 303 1963 recta
333 1922 432 1963 data
463 1926 529 1964 est
559 1923 786 1978 positione.

117 2005 219 2033 nam
249 2005 273 2032 a
303 1991 402 2034 dato
433 1995 594 2048 punoto
627 1997 670 2035 A
704 1994 757 2035 ad
787 1997 951 2036 rectam
981 1994 1198 2048 positione
1230 1995 1375 2037 datam

36 2062 123 2102 ΒΓ
151 2064 268 2103 reeta
296 2062 409 2104 linea
439 2063 620 2106 ducatur
651 2068 751 2120 AA,
783 2067 826 2105 et
857 2066 1000 2106 rectae
1031 2067 1120 2106 AA
1151 2064 1378 2107 adiiciatur

36 2134 125 2173 AE
146 2131 357 2174 rationem
382 2134 435 2175 ad
454 2137 541 2176 ΑΔ
565 2134 730 2176 habens
757 2135 915 2189 datam,
941 2137 984 2176 et
1008 2149 1084 2190 per
1108 2139 1319 2190 punctum
1337 2140 1379 2178 E

82 2238 136 2270 16.
162 2235 237 2282 λς’]
262 2235 314 2278 λζ’
341 2237 374 2283 β.
470 2242 525 2273 20.
550 2239 610 2285 τῇ]
638 2250 707 2274 om.
735 2240 767 2285 β.
866 2243 921 2274 21.
955 2240 1127 2287 εὐθεῖαν]
1155 2252 1224 2276 om.
1251 2241 1373 2276 PVat.

83 2282 227 2329 εὐθεῖα]
253 2294 322 2319 om.
348 2296 382 2319 v.
478 2288 533 2321 25.
559 2287 639 2333 AA]
666 2290 728 2322 AA
755 2298 787 2322 a.
