1520 2508
69 882 114 912 10

145 107 201 147 82
674 112 940 147 AEAOMENA.

143 202 227 257 ἄρα
258 208 332 256 τῆς
363 205 447 244 ΕΒ
477 205 586 259 πρὸς
615 205 695 258 τὴν
726 207 808 246 BA
839 206 998 256 δοθείς.
1059 214 1134 262 τῆς
1165 207 1212 250 δὲ
1242 213 1328 252 ΑΒ
1363 212 1470 267 πρὸς

143 272 223 324 τὴν
248 274 338 312 ΒΓ
362 274 489 324 λόγος
521 272 609 314 ἐστὶ
640 275 806 323 δοθείς·
837 274 908 316 καὶ
939 281 1013 329 τῆς
1037 280 1120 318 ΕΒ
1152 278 1235 333 ἄρα
1259 280 1367 334 πρὸς
1390 281 1469 335 τὴν

141 342 230 381 ΒΓ
266 343 393 393 λόγος
431 340 520 382 ἐστὶ
557 343 717 391 δοθείς.
783 346 860 384 καί
892 343 1009 386 ἐστιν
1046 344 1160 400 ὀρθὴ
1197 346 1224 400 ἡ
1260 346 1344 389 ὑπὸ
1381 356 1467 391 τῶν

141 412 275 450 ΒΕΓ
299 412 453 463 γωνία·
486 410 658 453 δέδοται
684 413 767 467 ἄρα
792 414 840 454 τὸ
866 416 999 455 ΕΒΓ
1022 417 1237 469 τρίγωνον
1261 422 1320 472 τῷ
1346 418 1468 459 εἴδει·

141 478 323 520 δοθεῖσα
360 480 447 535 ἄρα
482 479 598 522 ἐστὶν
634 481 660 535 ἡ
697 481 781 523 ὑπὸ
814 485 951 524 ΒΓΕ.
1013 485 1102 524 ἔστι
1140 481 1187 524 δὲ
1223 483 1294 526 καὶ
1324 485 1350 538 ἡ
1380 485 1464 528 ὑπὸ

139 550 272 588 ΒΑΓ
308 551 444 601 γωνία
487 550 686 591 δοθεῖσα·
737 549 808 592 καὶ
852 553 978 605 λοιπὴ
1021 553 1105 608 ἄρα
1147 552 1173 606 ἡ
1215 553 1300 595 ὑπὸ
1337 557 1473 597 ΑΒΓ

140 619 278 669 γωνία
310 618 492 660 δοθεῖσα
524 610 658 661 ἐστιν·
698 619 870 662 δέδοται
901 622 984 676 ἄρα
1014 622 1061 663 τὸ
1093 625 1231 663 ΑΒΓ
1254 626 1465 678 τρίγωνον

140 692 199 727 τῶ
232 687 349 728 εἴδει.

761 797 812 836 με
833 814 841 823 .

224 870 324 913 Ἐὰν
360 874 575 927 τρίγωνον
611 876 716 928 μιάν
753 876 825 929 ἑχῃ
857 878 1021 928 γωνίαν
1052 863 1306 930 δεδομένην,
1343 878 1390 918 αἱ
1417 875 1464 919 δὲ

49 991 56 997 1
135 940 233 996 περὶ
264 943 344 995 τὴν
375 942 613 996 δεδομένην
644 946 808 996 γωνίαν
839 943 1021 1000 πλευραὶ
1052 947 1375 1001 συναμφότεραι
1405 946 1463 996 ὡς

65 1202 108 1258 ’15

58 1575 105 1606 20

56 1922 101 1954 25

134 1013 211 1065 μία
241 1012 350 1066 πρὸς
381 1013 460 1065 τὴν
491 1013 647 1066 λοιπὴν
678 1015 809 1066 λόγον
841 1016 968 1068 ἔχωσι
1000 1014 1253 1069 δεδομένον,
1291 1015 1459 1058 δέδοται

134 1081 182 1121 τὸ
214 1083 430 1136 τρίγωνον
461 1088 519 1137 τῷ
553 1083 668 1123 εἴδει.
936 1137 939 1140 .

222 1151 328 1191 ἔστω
366 1153 580 1206 τρίγωνον
606 1152 663 1192 -τὸ
702 1155 840 1193 ΑΒΓ
874 1155 978 1206 μίαν
1018 1155 1182 1206 γωνίαν
1224 1153 1459 1208 δεδομένην

134 1220 234 1272 ἔχον
264 1220 344 1272 τὴν
374 1220 458 1261 ὑπὸ
490 1227 578 1262 τῶν
609 1224 752 1275 ΒΑΓ,
788 1221 886 1276 περὶ
918 1220 964 1263 δὲ
995 1224 1074 1277 τὴν
1103 1223 1188 1264 ὑπὸ
1219 1226 1350 1264 ΒΑΓ
1378 1239 1459 1276 γω-

132 1290 233 1329 νίαν
271 1290 318 1329 αἱ
345 1292 547 1344 πλευραί,
589 1289 783 1332 τουτέστι
821 1294 1146 1347 συναμφότερος
1182 1291 1208 1345 ἡ
1241 1295 1370 1334 ΒΑΓ
1399 1292 1455 1342 ὡς

131 1360 207 1411 μία
238 1359 346 1413 πρὸς
376 1360 455 1412 τὴν
487 1362 566 1400 ΓΒ
604 1362 736 1412 λόγον
773 1360 899 1414 ἐχέτω
931 1361 1183 1416 δεδομένον·
1228 1361 1355 1415 λέγω,
1392 1362 1456 1403 ὅτι

131 1428 180 1468 τὸ
211 1424 350 1468 ΑΒΓ
372 1430 589 1483 τρίγωνον
621 1428 793 1470 δέδοται
824 1436 883 1486 τῷ
915 1431 1030 1471 εἴδει.

217 1498 442 1550 τετμήσθω
468 1498 550 1553 γὰρ
576 1498 602 1552 ἡ
627 1498 712 1540 ὑπὸ
738 1506 825 1540 τῶν
851 1502 982 1541 ΒΑΓ
1005 1502 1141 1553 γωνία
1170 1501 1268 1554 δίχα
1293 1507 1342 1556 τῇ
1368 1490 1452 1542 AA

130 1566 298 1621 εὐθείᾳ·
342 1566 525 1608 δοθεῖσα
562 1568 645 1622 ἄρα
682 1567 798 1609 ἐστὶν
835 1568 860 1621 ἡ
897 1569 981 1610 ὑπὸ
1019 1577 1106 1611 τῶν
1142 1573 1267 1611 ΒΑΔ
1303 1571 1451 1623 γωνία.

128 1635 200 1676 καὶ
232 1635 327 1677 ἐπεί
354 1634 472 1677 ἐστιν
503 1636 561 1685 ὡς
591 1637 616 1690 ἡ
649 1640 729 1678 ΒΑ
760 1639 867 1692 πρὸς
897 1639 976 1692 τὴν
1007 1641 1111 1692 ΑΓ,
1149 1639 1286 1688 οὕτως
1316 1639 1342 1693 ἡ
1372 1641 1453 1680 ΒΔ

128 1706 237 1760 πρὸς
267 1706 346 1759 τὴν
371 1709 414 1746 A
424 1707 472 1758 Γ,
504 1705 683 1756 ἐναλλὰξ
709 1707 767 1756 ὡς
791 1706 817 1760 ἡ
843 1710 929 1748 ΑΒ
960 1709 1068 1762 πρὸς
1093 1709 1171 1762 τὴν
1192 1711 1286 1762 ΒΔ,
1317 1708 1453 1756 οὕτως

129 1775 154 1828 ἡ
174 1777 267 1816 ΑΓ
289 1776 397 1830 πρὸς
421 1775 501 1828 τὴν
522 1777 618 1815 ΓΔ·
649 1774 720 1817 καὶ
746 1776 804 1825 ὡς
829 1778 1157 1832 συναμφότερος
1182 1778 1264 1832 ἄρα
1285 1778 1311 1831 ἡ
1330 1778 1459 1818 ΒΑΓ

126 1844 235 1898 πρὸς
265 1845 344 1898 τὴν
376 1847 470 1898 ΒΓ,
502 1844 640 1894 οὕτως
670 1845 695 1899 ἡ
728 1848 814 1886 ΑΒ
844 1847 952 1901 πρὸς
983 1847 1061 1900 τὴν
1093 1850 1185 1888 ΒΛ.
1247 1849 1373 1900 λόγος
1403 1843 1450 1887 δὲ

127 1912 462 1967 συναμφοτέρου
493 1919 568 1967 τῆς
598 1916 731 1955 ΒΑΓ
753 1915 861 1969 πρὸς
891 1916 970 1969 τὴν
1001 1918 1089 1956 ΒΓ
1120 1916 1285 1965 δοθείς·
1326 1917 1450 1968 λόγος

127 1983 211 2037 ἄρα
240 1981 313 2023 καῖ
343 1989 417 2036 τῆς
448 1986 528 2024 BA
564 1984 672 2039 πρὸς
702 1984 781 2038 τὴν
812 1987 894 2025 BA
931 1985 1091 2034 δοθείς.
1157 1988 1232 2027 καί
1260 1986 1347 2027 ε’στι
1379 1985 1450 2026 δυ·-

219 2159 248 2189 1.
278 2156 362 2214 ΕΒ]
390 2158 459 2190 ΒΕ
483 2167 515 2190 v.
590 2159 621 2190 2.
647 2155 710 2190 καὶ
734 2161 798 2199 τῆς
823 2158 889 2190 ΕΒ
916 2155 1004 2202 ἄρα]
1029 2161 1092 2201 τῆς
1118 2155 1157 2191 δὲ
1184 2159 1251 2191 ΕΒ
1276 2169 1308 2191 v.
1385 2153 1447 2191 καί

125 2222 165 2227 -
194 2205 225 2235 3.
253 2203 396 2247 δοθεις]
423 2213 492 2237 om.
519 2202 552 2236 b.
634 2205 664 2237 5.
694 2203 819 2248 ΒΓΕ]
844 2208 916 2237 τῶν
941 2205 1049 2237 ΑΒΓ
1069 2202 1182 2248 γωνία
1207 2203 1241 2237 b.
1321 2207 1350 2238 6.
1376 2208 1446 2237 τῶν

124 2250 227 2282 ΒΑΓ
246 2247 280 2282 b.
377 2255 448 2283 τῶν
474 2251 582 2282 ΑΒΓ
602 2248 636 2282 b.
731 2252 784 2283 13.
810 2248 866 2294 τό]
892 2259 980 2283 corr.
1009 2260 1053 2283 ex
1076 2253 1124 2295 τῷ
1148 2261 1195 2284 m.
1222 2254 1242 2283 2
1268 2261 1299 2284 V.
1392 2252 1444 2283 1⁴11.>

123 2293 212 2338 μίαν
240 2294 322 2339 ἔχον
348 2294 486 2339 γωνίαν
513 2293 715 2339 δεδομένην
740 2295 774 2329 b.
873 2299 924 2330 15.
951 2296 1038 2341 τῶν]
1065 2307 1132 2330 om.
1153 2295 1187 2330 b.
1284 2296 1355 2330 ὑπὸ
1373 2300 1445 2330 τῶν
