1520 2508
646 109 784 142 DATA.
1337 97 1394 140 53

654 215 787 258 XXX.

140 300 184 344 Si
216 315 241 342 a
272 297 372 342 dato
402 299 564 353 puncto
597 295 651 337 ad
680 296 844 336 rectam
868 289 1084 346 positione
1111 288 1256 330 datam
1280 287 1400 327 recta

53 373 164 416 linea
205 371 374 414 ducitur
418 369 567 410 datum
610 364 800 407 efficiens
845 360 1069 418 angulum,
1113 358 1244 400 dueta
1278 358 1398 398 reeta

54 444 152 487 data
182 445 248 485 est
277 440 506 497 positione.

139 529 240 556 nam
278 528 302 555 a
345 512 446 554 dato
483 512 644 565 puncto
682 511 724 549 A
768 506 822 548 ad
857 506 1021 546 rectam
1059 501 1149 542 ΒΓ
1183 498 1400 554 positione

55 585 198 628 datam
227 587 346 626 recta
375 583 489 624 linea
519 584 606 623 AA
643 579 825 621 dueatur
863 576 1013 617 datum
1043 570 1235 614 efficiens
1268 582 1401 625 angu-

53 656 142 699 lum
172 658 259 698 AA
267 657 312 697 Γ.
375 653 489 709 dieo,
519 655 605 694 AA
637 650 782 692 datam
814 661 906 689 esse
937 643 1165 701 positione.

812 734 914 762 nam
941 720 977 762 si
996 715 1153 773 minus,
1177 718 1338 771 puncto
1359 718 1402 756 A

422 772 461 805 A
737 794 936 834 manente
959 790 1120 847 positio
1146 791 1290 831 rectae
1316 789 1404 829 AA

737 863 980 905 mutabitur
1018 875 1194 905 seruans
1234 858 1404 915 magni-
1456 865 1459 867 ’

59 792 671 1011 ΓΑΒ
737 933 932 976 ί’ΛΙᾶὴῑθῐΠ
959 933 1108 991 anguli
1130 935 1217 974 ΑΔ
1226 933 1274 973 Γ.
1315 944 1406 972 mu-

739 1007 857 1047 tetur
899 1007 943 1047 et
987 1004 1045 1047 sit
1082 1008 1125 1046 A
1138 1007 1186 1045 Z.
1258 1002 1405 1056 itaque

58 1082 86 1128 L
104 1078 309 1119 AAF=
330 1077 481 1131 ΑΖΓ,
511 1074 648 1116 maior
673 1075 831 1118 minori
864 1075 917 1131 [1,
938 1077 1029 1133 16];
1061 1075 1176 1130 quod
1201 1073 1295 1116 fieri
1319 1086 1408 1114 non

57 1151 212 1203 potest.
255 1147 402 1202 itaque
427 1145 587 1201 positio
612 1149 755 1188 rectae
778 1150 866 1188 ΑΔ
889 1161 978 1188 non
1003 1145 1254 1189 mutabitur.
1305 1157 1408 1200 ergo

59 1223 151 1262 AA
181 1218 397 1274 positione
429 1217 530 1259 data
562 1219 628 1258 est
660 1216 758 1269 [def.
783 1218 844 1269 4].

655 1334 812 1376 XXXI.

152 1411 197 1455 Si
229 1427 254 1454 a
285 1412 386 1454 dato
417 1414 578 1466 puncto
610 1412 663 1453 ad
693 1414 856 1453 rectam
881 1411 1097 1466 positione
1124 1411 1269 1453 datam
1294 1412 1413 1451 recta

63 1484 176 1526 linea
225 1483 325 1525 data
372 1481 671 1538 magnitudine
716 1482 965 1538 adducitur,
1014 1482 1147 1524 etiam
1195 1480 1412 1536 positione

64 1554 163 1596 data
194 1554 286 1596 erit.

152 1639 253 1667 nam
291 1640 315 1667 a
351 1625 451 1666 dato
488 1626 650 1679 puncto
688 1628 731 1665 A
775 1624 828 1665 ad
870 1627 1034 1666 rectam
1071 1625 1162 1666 ΒΓ
1196 1622 1412 1679 positione

66 1695 210 1737 datam
248 1697 367 1737 recta
407 1694 520 1736 linea
563 1694 745 1736 dueatur
782 1694 883 1736 data
925 1694 1236 1750 magnitudine.
1303 1693 1412 1747 dico,

723 1779 817 1806 eam
855 1765 987 1807 etiam
1017 1765 1234 1820 positione
1267 1765 1413 1806 datam

169 1821 207 1856 Ε
593 1822 626 1855 A
723 1850 826 1877 esse.

795 1919 897 1947 nam
929 1909 1077 1947 centro
1103 1910 1159 1962 A,
1189 1906 1319 1962 radio⁴
1342 1921 1414 1948 au-

77 2003 263 2038 B—
602 1977 640 2011 Γ
721 1979 811 2018 tem
843 1980 936 2018 AA
979 1976 1163 2019 circulus
1202 1977 1414 2020 describa-

228 2031 268 2065 Δ
721 2050 794 2088 tur
825 2050 914 2089 EA
923 2050 970 2089 Z.
1030 2047 1247 2103 positione
1278 2048 1414 2104 igitur

295 2178 302 2182 -
479 2159 512 2191 Z
725 2118 910 2159 circulus
965 2121 1110 2160 EAZ
1165 2119 1290 2161 datus
1347 2122 1414 2162 est

729 2188 828 2241 [def.
856 2189 922 2244 6];
963 2203 1065 2231 nam
1093 2190 1241 2232 datum
1274 2193 1340 2232 est
1371 2195 1414 2232 A

73 2262 267 2301 centrum
309 2257 399 2300 eius
442 2259 656 2313 positione
702 2262 745 2301 et
787 2259 933 2301 radius
970 2263 1064 2302 AA
1106 2260 1415 2317 magnitudine.

73 2344 222 2372 uerum
254 2328 383 2372 etiam
414 2333 531 2371 reeta
556 2332 645 2372 ΒΓ
667 2330 884 2385 positione
916 2330 1016 2372 data
1042 2334 1119 2373 est.
1170 2331 1237 2373 sin
1269 2335 1416 2374 autem
