1520 2508
177 98 238 139 26
709 102 976 139 AEAOMENA

175 194 265 247 ἄρα
294 199 372 234 τοῦ
403 198 446 234 A
456 197 490 235 Z
520 165 629 249 πρὸς
658 197 706 237 τὸ
737 199 778 237 Ε
812 199 939 251 λόγος
969 197 1057 240 ἐστὶ
1089 183 1247 272 δοθεὶς.
1307 201 1378 244 καὶ
1407 170 1498 252 ἐπὶ

178 264 308 315 λόγος
339 261 427 304 ἐστὶ
454 263 603 314 δοθεὶς
632 271 710 307 τοῦ
735 269 820 308 AB
851 268 958 322 πρὸς
982 269 1030 310 τὸ
1058 271 1148 322 ΓΔ,
1159 267 1203 312 ὁ
1228 270 1356 320 αὐτὸς
1381 268 1505 344 αὐτῷ,

178 331 390 385 γεγονέτω
422 333 445 374 ὁ
470 339 548 374 τοῦ
580 337 678 375 AH
702 336 810 389 πρὸς
838 337 887 378 τὸ
920 339 1016 378 ΓΖ·
1049 340 1176 391 λόγος
1205 340 1289 394 ἄρα
1318 339 1390 382 καὶ
1419 320 1501 386 τοῦ

180 404 280 443 AH
309 402 418 456 πρὸς
452 403 501 443 τὸ
537 405 616 444 ΓΖ
643 404 814 454 δοθείς.
880 404 1015 448 δοθὲν
1051 405 1098 449 δε
1134 409 1182 450 τὸ
1221 410 1318 450 ΓΖ“
1362 404 1502 464 duffii

181 472 264 525 ἄρα
293 470 365 513 καὶ
395 472 443 513 τὸ
474 475 588 514 AH·
619 472 691 515 καὶ
722 477 876 517 λοιποῦ
906 482 984 517 τοῦ
1009 479 1098 518 ΗΒ
1129 478 1236 532 πρὸς
1266 457 1418 521 λοιπὸν
1446 483 1498 524 τ

178 543 265 581 AZ
296 542 424 594 λόγος
455 541 543 583 ἐστὶ
575 544 735 593 δοθείς.
783 550 861 586 τοῦ
893 543 940 586 δὲ
970 549 1057 587 AZ
1088 547 1195 601 πρὸς
1224 547 1272 589 τὸ
1304 551 1345 589 Ε
1371 550 1500 602 λόγ
1501 561 1502 564 ’

176 609 268 652 ἐστι
300 611 466 660 δοθείς·
509 611 580 653 καὶ
611 619 689 654 τοῦ
720 616 809 655 ΗΒ
846 615 929 669 ἄρα
959 616 1068 669 πρὸς
1097 617 1145 658 τὸ
1176 615 1217 658 Ε
1251 618 1379 670 λόγος
1407 603 1502 667 ἐστὶ

177 680 338 729 δοθειᾜς
398 683 475 722 καί
508 681 596 723 ε’στι
634 681 788 724 δοθὲν
799 685 847 725 τὸ
879 687 992 725 AH·
1036 686 1083 726 τὸ
1116 688 1200 727 AB
1237 687 1320 740 ἄρα
1350 693 1428 728 τοῦ
1456 682 1500 731 Ε

127 764 130 767 ’
176 749 358 815 δοθέντι
388 752 530 804 μεῖζόν
561 750 679 793 ἐστιν
709 751 734 805 ἢ
767 751 813 794 ἐν
844 755 970 810 λόγῳ.

103 906 152 937 10

106 1266 154 1297 15

804 903 877 946 ιδ’.
1479 947 1482 949 ,

262 980 361 1022 Ἐὰν
386 979 466 1023 δύο
492 982 652 1036 μεγέθη
678 984 786 1038 πρὸς
810 985 972 1038 ἄλληλα
997 987 1128 1038 λόγον
1152 989 1224 1042 ἔχῃ
1250 984 1507 1051 6e6ous'vovg

176 1049 249 1091 καὶ
278 1055 498 1112 προστεθῇ
531 1050 713 1108 ἑκατέρῳ
751 1053 895 1095 αὐτῶν
933 1054 1166 1109 δεδομένον
1201 1055 1402 1111 μέγεθος,
1444 1046 1509 1121 τί

177 1120 256 1162 ὅλοι
286 1121 394 1175 πρὸς
424 1121 588 1174 ἄλληλα
618 1122 711 1175 ἤτοι
735 1124 874 1175 λόγον.
903 1121 985 1173 ἕξει
1010 1124 1257 1208 δεδομένον,
1288 1125 1314 1179 ἢ
1339 1128 1386 1168 τὸ
1412 1126 1502 1170 Sta-³·

178 1205 259 1243 ρον
289 1195 367 1231 τοῦ
400 1188 547 1244 ἑτέρου
579 1190 758 1232 δοθέντι
787 1194 930 1246 μεῖζόν
961 1192 1078 1235 ἐστιν
1109 1193 1135 1247 ἢ
1167 1194 1214 1236 ἐν
1243 1197 1369 1252 λόγῳ.

269 1260 349 1301 δύο
380 1260 462 1313 γὰρ
499 1259 660 1314 μεγέθη
697 1261 749 1301 τὰ
779 1264 883 1314 AB,
910 1263 988 1303 ΓΔ
1028 1264 1136 1317 πρὸς
1171 1265 1333 1318 ἄλληλα
1368 1255 1506 1323 λόγονέ

178 1329 304 1383 ἐχέτω
331 1328 578 1383 δεδομένον,
603 1329 675 1371 καὶ
698 1320 972 1385 προσκείσθω
998 1330 1181 1389 ἑκατέρω
1207 1334 1351 1375 αὐτῶν
1375 1335 1506 1385 δεδοοᾷ-ν

104 1436 106 1438 ,
175 1398 309 1452 μένον
339 1398 540 1453 μέγεθος,
583 1401 641 1441 τό
663 1414 708 1441 τε
739 1404 780 1441 A
790 1403 828 1441 E
861 1399 933 1442 καὶ
963 1401 1011 1443 τὸ
1043 1403 1139 1443 ΓΖ·
1183 1402 1311 1457 λέγω,
1349 1404 1416 1452 ὅτι
1443 1387 1510 1468 vif,

99 1613 149 1644 20

177 1468 255 1510 ὅλα
284 1468 337 1509 τὰ
367 1471 468 1522 ΕΒ,
495 1471 580 1510 ΖΔ
615 1470 724 1524 πρὸς
759 1470 921 1522 ἄλληλα
956 1471 1051 1524 ἤτοι
1087 1473 1218 1525 λόγον
1255 1474 1356 1526 ἔχει
1374 1451 1520 1530 δεδο-ξὲ,

175 1536 320 1592 μένον,
351 1537 378 1591 ἢ
402 1539 450 1579 τὸ
482 1537 630 1593 ἕτερον
659 1544 737 1580 τοῦ
769 1537 916 1594 ετέρου
949 1539 1124 1582 δοθέντι
1155 1543 1297 1595 μεῖζόν
1328 1542 1445 1584 ἐστιν
1467 1539 1505 1599 ᾗ

177 1606 224 1648 ἐν
254 1608 305 1649 λό
335 1622 381 1649 ω.
1496 1638 1503 1645 ζ,

264 1623 381 1719 έπζὶ
378 1678 460 1732 γὰρ
487 1676 622 1719 δοθέν
648 1677 765 1719 ἐστιν
790 1676 990 1731 ἑκάτερον
1014 1686 1100 1721 τῶν
1125 1682 1219 1734 EA,
1246 1682 1337 1734 ΖΓ
1368 1677 1505 1734 λόγοςε

117 1741 121 1747 ’
174 1748 259 1799 ἄρα
289 1752 366 1788 τοῦ
391 1750 479 1788 ΕΑ
508 1761 617 1798 προς
647 1748 694 1789 τὸ
722 1749 808 1789 ΖΓ
833 1748 994 1797 δοθείς
1040 1747 1111 1790 καὶ
1142 1749 1182 1790 εἰ
1209 1747 1287 1803 μὲν
1317 1749 1340 1792 ὁ
1366 1747 1507 1800 αὐτὸς,

172 1821 233 1872 τῷ
270 1821 348 1857 τοῦ
379 1818 464 1857 AB
501 1817 609 1870 πρὸς
640 1818 737 1870 ΓΔ,
775 1818 893 1858 ἔσται
929 1816 1000 1858 καὶ
1031 1817 1136 1860 ὅλου
1166 1824 1244 1859 τοῦ
1268 1821 1350 1860 ΕΒ
1386 1820 1506 1886 πρὸς

171 1885 278 1927 ὅλον
308 1886 357 1927 τὸ
390 1888 474 1927 ZA
505 1887 632 1939 λόγος
663 1848 822 1935 δοθειᾝς
1495 1889 1508 1917 3·

269 2060 298 2091 1.
334 2059 400 2091 ΖΔ
426 2068 462 2100 a,
500 2057 590 2092 item
615 2057 677 2092 lin.
705 2063 735 2092 6.
855 2056 950 2092 ἐστίν
975 2069 1014 2100 v,
1052 2057 1141 2092 item
1165 2058 1227 2093 lin.
1255 2063 1292 2102 2,
1319 2063 1350 2094 6.
1456 2063 1489 2094 2.

169 2101 316 2148 ὃοθείς]
343 2114 412 2138 om.
439 2114 471 2138 a.
555 2106 618 2139 ΓΔ
643 2102 771 2144 ὃοθείς
796 2115 828 2138 a.
923 2108 954 2139 3.
980 2103 1172 2151 γεγονέτω]
1200 2105 1286 2140 ἔστω
1311 2117 1343 2140 a
1424 2106 1499 2141 rz:

168 2148 279 2194 λόγος
304 2160 335 2183 a.
419 2149 524 2194 λόγος
549 2170 593 2176 --
618 2154 649 2185 4.
679 2153 746 2186 ΓΖ
758 2152 823 2195 (pr.
825 2150 853 2196 )]
879 2161 948 2185 om.
973 2150 1056 2185 Vat.
1142 2154 1195 2186 13.
1223 2151 1294 2197 ἔχει
1318 2153 1350 2197 β.
1434 2153 1497 2187 17.

168 2196 225 2241 τε]
252 2206 320 2230 om.
347 2206 379 2230 a.
459 2200 512 2230 21.
539 2198 608 2231 ΑΕ
632 2197 671 2232 P.
749 2200 803 2231 22.
829 2195 885 2242 τό]
912 2207 980 2231 om.
1007 2207 1038 2231 a.
1118 2200 1173 2232 23
1198 2198 1261 2250 τῷ]
1288 2199 1386 2245 αὐτῷ
1411 2198 1430 2233 ὁ
1454 2208 1502 2233 a.·
1503 2242 1505 2244 Ι

219 2242 259 2276 τὸ
287 2244 350 2276 ΓΔ
379 2252 411 2276 a.
520 2242 632 2289 ἔσται]
664 2254 779 2288 comp
805 2242 906 2286 Vat.‚
944 2242 1111 2277 omnibus
1145 2243 1278 2278 litteus
1309 2256 1356 2279 m.
1383 2247 1420 2289 2,
1451 2245 1503 2278 et-

169 2287 225 2322 sie
252 2287 463 2332 saepissime
489 2288 526 2322 in
552 2289 799 2333 sequentibus
1222 2316 1225 2317 ν
