1520 2508
106 834 149 864 10

106 1180 148 1210 15

108 1594 153 1625 20

106 1939 150 1970 25

1442 0 1520 96 ³

173 107 230 148 60
699 109 965 141 ΔΕΔΟΜΕΝΑ.
1458 82 1471 87 δ’

260 203 383 255 ἤχθω
415 202 496 256 γὰρ
528 200 611 242 ἀπὸ
642 206 720 242 τοῦ
746 204 788 241 A
819 199 887 242 ἐπὶ
917 202 996 255 τὴν
1020 203 1109 243 ΒΓ
1131 201 1314 251 κάθετος
1343 200 1370 254 ἡ
1394 204 1488 246 ΑΘ.

174 269 264 312 ἐπεὶ
289 270 372 312 ἀπὸ
398 269 634 324 δεδομένου
660 272 839 324 σημείου
863 276 941 312 τοῦ
960 274 1002 311 A
1027 270 1095 312 ἐπὶ
1118 270 1240 312 θέσει
1259 270 1489 327 δεδομένην
1516 266 1520 311 ἶ

174 340 352 381 εὐθεῖαν
376 341 456 393 τὴν
474 342 562 380 ΒΓ
580 339 731 381 εὐθεῖα
756 341 927 395 γραμμὴ
952 336 1076 393 ἦκται
1100 339 1126 393 ἡ
1146 343 1236 381 ΑΘ
1260 339 1488 396 δεδομένην
1517 318 1520 352 Ι

173 414 360 450 ποιοῦσα
390 410 556 462 γωνίαν
585 409 665 462 τὴν
695 408 780 450 ὑπὸ
810 415 898 450 τῶν
928 412 1079 462 ΛΘΔ,
1111 407 1233 450 θέσει
1264 409 1346 464 ἄρα
1376 408 1487 455 ἐστὶν

174 477 198 531 ἡ
225 482 266 518 A
277 481 324 519 Θ.
373 477 494 519 θέσει
526 475 573 519 δὲ
604 476 675 519 καὶ
706 477 731 531 ἡ
757 480 861 519 ΒΓ·
894 476 1029 519 δοθὲν
1054 479 1137 533 ἄρα
1161 479 1209 519 τὸ
1237 481 1273 519 Θ
1303 486 1484 532 σημεῖον.

175 549 263 589 ἔστι
296 545 343 588 δὲ
378 546 450 589 καὶ
480 548 529 589 τὸ
560 551 602 588 A
639 546 785 588 δοθέν.
847 547 1029 588 δοθεῖσα
1066 548 1150 602 ἄρα
1187 545 1304 589 ἐστὶν
1338 547 1364 601 ἡ
1393 550 1488 592 ΑΘ.

173 615 245 658 καὶ
277 615 367 658 ἐπεὶ
398 618 525 670 λόγος
555 622 631 670 τῆς
660 619 750 658 ΔΕ
783 617 891 672 πρὸς
921 617 1001 670 τὴν
1031 619 1118 657 ΕΑ
1155 616 1321 670 δοθείς,
1357 616 1413 666 ὡς
1441 615 1486 661 δὲ

174 686 200 740 ἡ
230 689 322 728 ΔΕ
360 687 469 742 πρὸς
504 687 584 739 τὴν
620 689 726 739 EA,
770 685 908 735 οὕτως
943 685 969 738 ἡ
1011 688 1099 727 ΘΚ
1136 686 1245 741 πρὸς
1279 686 1358 740 τὴν
1393 688 1491 742 ΚΑ,

174 757 302 809 λόγος
332 756 415 811 ἄρα
445 754 514 796 καὶ
548 754 570 796 ὁ
602 761 677 808 τῆς
711 757 799 796 ΘΚ
824 756 933 810 πρὸς
963 756 1042 808 τὴν
1073 757 1157 796 KA
1188 755 1347 804 δοθείς.
1394 766 1492 798 συν-

173 824 300 866 θέντι
331 826 414 880 ἄρα
445 825 573 877 λόγος
603 823 692 865 ἐστὶ
723 831 799 878 τῆς
832 827 911 865 ΘΑ
940 825 1049 879 πρὸς
1079 826 1173 865 AK
1207 824 1366 873 δοθείς.
1425 825 1492 867 δο-

174 899 303 936 θεῖσα
340 892 387 935 δὲ
425 893 451 947 ἡ
486 896 582 934 ΘΛ·
626 894 810 935 δοθεῖσα
846 895 929 948 ἄρα
965 892 1037 935 καὶ
1074 894 1099 947 ἡ
1131 895 1231 935 AK.
1293 893 1399 935 ἀλλὰ
1426 891 1494 937 καὶ

175 969 225 1018 τῇ
256 962 390 1004 θέσει.
444 965 520 1004 καί
549 962 638 1004 ε’στι
667 963 716 1004 τὸ
741 966 784 1004 A
814 962 966 1005 δοθέν·
1005 961 1141 1004 δοθὲν
1171 964 1254 1017 ἄρα
1278 961 1349 1004 καὶ
1373 963 1420 1005 τὸ
1443 964 1492 1005 Κ.

177 1031 266 1074 ἐπεὶ
304 1030 384 1075 οὖν
421 1032 494 1073 διὰ
532 1031 769 1086 δεδομένου
807 1034 984 1086 σημείου
1025 1038 1102 1073 τοῦ
1140 1035 1184 1073 Κ
1223 1032 1338 1087 παρὰ
1378 1031 1493 1074 θέσει

176 1100 414 1156 δεδομένην
439 1101 618 1143 εὐθεῖαν
639 1102 718 1155 τὴν
737 1103 825 1142 ΒΓ
843 1102 993 1142 εὐθεῖα
1018 1102 1189 1156 γραμμὴ
1209 1098 1332 1154 ἦκται
1351 1100 1377 1154 ἡ
1398 1102 1494 1157 ΖΗ,

175 1170 295 1213 θέσει
327 1172 410 1226 ἄρα
442 1169 559 1212 ἐστὶν
589 1169 615 1223 ἡ
649 1173 747 1211 ΖΗ.

799 1295 879 1341 λς’.

259 1377 358 1420 Ἐὰν
396 1377 478 1419 ἀπὸ
517 1376 753 1432 δεδομένου
791 1379 969 1431 σημείου
1008 1376 1076 1418 ἐπὶ
1111 1376 1233 1418 θέσει
1265 1376 1497 1432 δεδομένην

176 1447 355 1489 εὐθεῖαν
391 1447 542 1488 εὐθεῖα
579 1447 751 1502 γραμμὴ
789 1446 905 1500 ἀχθῇ
942 1445 1013 1487 καὶ
1048 1450 1267 1501 προστεθῇ
1298 1461 1363 1495 τις
1391 1445 1495 1501 αὐτῇ

177 1517 328 1558 εὐθεῖα
371 1518 503 1569 λόγον
539 1518 695 1570 ἔχουσα
731 1516 839 1571 πρὸς
875 1516 1011 1570 αὐτὴν
1049 1514 1301 1570 δεδομένον,
1345 1515 1416 1556 διὰ
1450 1511 1496 1556 δὲ

178 1591 256 1628 τοῦ
304 1585 488 1641 πέρατος
535 1601 610 1639 της
651 1588 963 1640 προστεθείσης
1010 1585 1125 1640 παρὰ
1167 1586 1246 1639 τὴν
1287 1591 1338 1639 τῇ
1380 1582 1498 1626 θέσει

177 1654 415 1710 δεδομένην
458 1655 636 1696 εὐθεῖαν
679 1655 829 1696 εὐθεῖα
872 1656 1044 1741 γραμμὴ
1089 1654 1222 1710 ἀχθῇ,
1265 1653 1434 1695 δέδοται
1467 1651 1494 1706 ἡ

176 1724 358 1779 ἀχθεῖσα
389 1731 439 1780 τῇ
470 1723 603 1766 θέσει.

264 1793 347 1836 ἀπὸ
378 1794 460 1848 γὰρ
489 1792 729 1847 δεδομένου
761 1795 939 1847 σημείου
964 1799 1042 1834 τοῦ
1068 1796 1110 1833 Α
1141 1791 1209 1834 έπὶ
1234 1791 1355 1834 θεσει
1379 1792 1496 1834 δεδο-

176 1862 310 1918 μένην
347 1863 527 1905 εὐθεῖαν
563 1863 641 1916 τὴν
671 1864 760 1903 ΒΓ
790 1862 941 1904 εὐθεῖα
977 1863 1148 1916 γραμμὴ
1186 1863 1309 1916 ἤχθω
1340 1860 1366 1914 ἡ
1397 1863 1499 1914 ΑΔ,

176 1932 247 1974 καὶ
277 1935 554 1988 προσκείσθω
585 1938 635 1987 τῇ
661 1935 746 1974 ΛΔ
777 1931 802 1986 ἡ
828 1935 917 1973 ΑΕ
945 1934 1076 1985 λόγον
1107 1934 1263 1986 ἔχουσα
1290 1931 1397 1986 πρὸς
1420 1930 1496 1984 τὴν

271 2061 301 2092 2.
330 2055 422 2103 ἐπεί]
450 2055 509 2091 ἐπί
534 2068 565 2091 a.
679 2056 769 2102 ἀπό]
796 2067 863 2091 om.
891 2067 923 2090 a
1036 2059 1068 2090 4.
1094 2057 1214 2114 ΛΘΔ]
1239 2060 1272 2090 Δ
1297 2055 1379 2090 add.
1405 2067 1451 2090 m
1475 2055 1495 2090 2

176 2104 260 2138 Vat.
358 2108 387 2138 6.
411 2101 547 2162 δοθέν]
574 2104 635 2137 δο-
661 2114 770 2147 supra
794 2114 840 2137 m.
869 2106 886 2136 1
914 2114 946 2136 v.
1044 2106 1074 2136 7.
1100 2101 1178 2154 καί]
1205 2113 1273 2137 om.
1293 2102 1389 2146 Vat„
1414 2100 1495 2136 add.

177 2162 222 2184 m
250 2154 280 2184 2.
377 2149 459 2195 τήν]
486 2161 554 2184 om.
582 2160 613 2184 a
711 2148 838 2189 ὃοθείς
857 2170 901 2174 -
921 2152 952 2182 8.
981 2149 1062 2194 EA]
1088 2148 1116 2182 P
1144 2148 1182 2182 in
1206 2160 1278 2193 mg.
1305 2160 1350 2182 m.
1378 2151 1409 2192 1,
1435 2145 1499 2182 sed

177 2195 251 2230 alio
284 2198 502 2230 atramento
630 2198 661 2230 8
694 2195 782 2230 Post
813 2198 880 2230 KA
918 2194 1000 2229 add.
1032 2194 1107 2230 Pv:
1151 2194 1279 2235 δοθεὶς
1315 2192 1354 2228 δὲ
1387 2194 1406 2229 ὁ
1434 2198 1498 2238 τῆς

176 2244 250 2277 ΔΕ
274 2242 407 2285 πρὸςτ
411 2242 456 2287 ὴν
483 2245 549 2276 ΕΑ
575 2242 691 2286 λόγος,
717 2244 754 2276 et
774 2240 859 2275 dein
877 2251 986 2285 suprt
1007 2252 1071 2275 scr
1093 2239 1220 2281 ὃοθείς
1237 2253 1283 2275 m.
1300 2240 1371 2275 1P.
1445 2241 1496 2275 10.

176 2289 272 2322 Ante
309 2294 373 2333 τῆς
410 2299 519 2332 supra
551 2288 634 2322 add.
660 2287 724 2323 καί
749 2289 892 2332 (comp.)
916 2299 962 2321 m.
990 2291 1010 2322 2
1036 2299 1068 2322 v.
1191 2290 1243 2322 11.
1282 2286 1370 2332 ἄρα]
1400 2283 1441 2320 δέ
1463 2295 1496 2320 a
