<?xml version="1.0" encoding="UTF-8"?>
<!DOCTYPE html PUBLIC "-//W3C//DTD XHTML 1.0 Transitional//EN"
    "http://www.w3.org/TR/xhtml1/DTD/xhtml1-transitional.dtd">
<html xmlns="http://www.w3.org/1999/xhtml" xml:lang="en" lang="en">
 <head>
  <title>
</title>
<meta http-equiv="Content-Type" content="text/html;charset=utf-8" />
  <meta name='ocr-system' content='tesseract 3.04.00' />
  <meta name='ocr-capabilities' content='ocr_page ocr_carea ocr_par ocr_line ocrx_word'/>
</head>
<body>
  <div class='ocr_page' id='page_1' title='image "./euclidisoperaomn06eucluoft_0376.png"; bbox 0 0 1520 2508; ppageno 0'>
   <div class='ocr_carea' id='block_1_1' title="bbox 178 96 952 138">
    <p class='ocr_par' dir='ltr' id='par_1_1' title="bbox 178 96 952 138">
     <span class='ocr_line' id='line_1_1' title="bbox 178 96 952 138; baseline -0.006 0"><span class='ocrx_word' id='word_1_1' title='bbox 178 96 264 138; x_wconf 89' lang='lat'><strong><em>310</em></strong></span> <span class='ocrx_word' id='word_1_2' title='bbox 739 100 952 134; x_wconf 58' lang='lat' dir='ltr'>senona.</span> 
     </span>
    </p>
   </div>
   <div class='ocr_carea' id='block_1_2' title="bbox 1409 0 1520 2508">
    <p class='ocr_par' dir='ltr' id='par_1_2' title="bbox 1409 0 1520 2508">
     <span class='ocr_line' id='line_1_2' title="bbox 1412 0 1505 300; baseline 0 0"><span class='ocrx_word' id='word_1_3' title='bbox 1412 0 1505 300; x_wconf 95' lang='lat' dir='ltr'><strong><em>  </em></strong></span> 
     </span>
     <span class='ocr_line' id='line_1_3' title="bbox 1409 300 1502 508; baseline 0 0"><span class='ocrx_word' id='word_1_4' title='bbox 1409 300 1502 508; x_wconf 95' lang='lat' dir='ltr'><strong><em>    </em></strong></span> 
     </span>
     <span class='ocr_line' id='line_1_4' title="bbox 1424 508 1501 695; baseline 0 -117"><span class='ocrx_word' id='word_1_5' title='bbox 1424 508 1501 695; x_wconf 95' lang='lat' dir='ltr'><strong><em>   </em></strong></span> 
     </span>
     <span class='ocr_line' id='line_1_5' title="bbox 1443 695 1520 982; baseline 0 -264"><span class='ocrx_word' id='word_1_6' title='bbox 1443 695 1520 982; x_wconf 95' lang='lat' dir='ltr'><strong><em>    </em></strong></span> 
     </span>
     <span class='ocr_line' id='line_1_6' title="bbox 1447 1240 1520 1868; baseline 0 -92"><span class='ocrx_word' id='word_1_7' title='bbox 1447 1240 1520 1868; x_wconf 95' lang='lat' dir='ltr'><strong><em>    </em></strong></span> 
     </span>
     <span class='ocr_line' id='line_1_7' title="bbox 1487 1868 1520 2062; baseline 0 -73"><span class='ocrx_word' id='word_1_8' title='bbox 1487 1868 1520 2062; x_wconf 95' lang='lat' dir='ltr'><strong><em>   </em></strong></span> 
     </span>
     <span class='ocr_line' id='line_1_8' title="bbox 1478 2062 1520 2215; baseline 0 0"><span class='ocrx_word' id='word_1_9' title='bbox 1478 2062 1520 2215; x_wconf 95' lang='lat' dir='ltr'><strong><em>   </em></strong></span> 
     </span>
     <span class='ocr_line' id='line_1_9' title="bbox 1478 2215 1520 2508; baseline 0 0"><span class='ocrx_word' id='word_1_10' title='bbox 1478 2215 1520 2508; x_wconf 95' lang='lat' dir='ltr'><strong><em>   </em></strong></span> 
     </span>
    </p>
   </div>
   <div class='ocr_carea' id='block_1_3' title="bbox 109 190 1520 871">
    <p class='ocr_par' dir='ltr' id='par_1_3' title="bbox 109 190 1520 871">
     <span class='ocr_line' id='line_1_10' title="bbox 177 190 1471 253; baseline 0.004 -20"><span class='ocrx_word' id='word_1_11' title='bbox 177 192 260 245; x_wconf 77' lang='grc' dir='ltr'><strong><em>ἄρα</em></strong></span> <span class='ocrx_word' id='word_1_12' title='bbox 298 190 386 233; x_wconf 83' lang='grc' dir='ltr'><strong><em>ἐστὶ</em></strong></span> <span class='ocrx_word' id='word_1_13' title='bbox 423 193 470 234; x_wconf 87' lang='grc' dir='ltr'><strong><em>τὸ</em></strong></span> <span class='ocrx_word' id='word_1_14' title='bbox 508 195 641 234; x_wconf 88' lang='grc' dir='ltr'><strong><em>ΑΒΕ</em></strong></span> <span class='ocrx_word' id='word_1_15' title='bbox 680 195 895 247; x_wconf 81' lang='grc' dir='ltr'><strong><em>τρίγωνον</em></strong></span> <span class='ocrx_word' id='word_1_16' title='bbox 930 200 989 251; x_wconf 74' lang='grc' dir='ltr'><strong><em>τῷ</em></strong></span> <span class='ocrx_word' id='word_1_17' title='bbox 1022 197 1132 236; x_wconf 92' lang='grc' dir='ltr'><strong><em>ΙΖΛ</em></strong></span> <span class='ocrx_word' id='word_1_18' title='bbox 1167 196 1378 253; x_wconf 55' lang='grc' dir='ltr'><strong><em>τριγώνῳ)</em></strong></span> <span class='ocrx_word' id='word_1_19' title='bbox 1448 225 1471 242; x_wconf 32' lang='grc' dir='ltr'><strong><em>Α,</em></strong></span> 
     </span>
     <span class='ocr_line' id='line_1_11' title="bbox 177 260 1415 321; baseline 0.004 -19"><span class='ocrx_word' id='word_1_20' title='bbox 177 262 261 314; x_wconf 75' lang='grc' dir='ltr'><strong><em>ἄρα</em></strong></span> <span class='ocrx_word' id='word_1_21' title='bbox 292 260 317 314; x_wconf 82' lang='grc' dir='ltr'>ἡ</span> <span class='ocrx_word' id='word_1_22' title='bbox 348 261 433 303; x_wconf 86' lang='grc' dir='ltr'><strong><em>ὑπὸ</em></strong></span> <span class='ocrx_word' id='word_1_23' title='bbox 465 265 593 304; x_wconf 90' lang='grc' dir='ltr'><strong><em>ΒΑΕ</em></strong></span> <span class='ocrx_word' id='word_1_24' title='bbox 623 265 760 315; x_wconf 74' lang='grc' dir='ltr'><strong><em>γωνία</em></strong></span> <span class='ocrx_word' id='word_1_25' title='bbox 790 269 841 317; x_wconf 76' lang='grc' dir='ltr'><strong><em>τῇ</em></strong></span> <span class='ocrx_word' id='word_1_26' title='bbox 871 263 955 305; x_wconf 89' lang='grc' dir='ltr'><strong><em>ὑπὸ</em></strong></span> <span class='ocrx_word' id='word_1_27' title='bbox 989 266 1062 305; x_wconf 93' lang='grc' dir='ltr'><strong><em>ΖΙ</em></strong></span> <span class='ocrx_word' id='word_1_28' title='bbox 1065 267 1104 306; x_wconf 96' lang='grc' dir='ltr'><em>Λ</em></span> <span class='ocrx_word' id='word_1_29' title='bbox 1137 267 1284 321; x_wconf 76' lang='grc' dir='ltr'><strong><em>γωνίᾳ.</em></strong></span> <span class='ocrx_word' id='word_1_30' title='bbox 1343 266 1415 308; x_wconf 79' lang='grc' dir='ltr'><strong><em>διὰ</em></strong></span> 
     </span>
     <span class='ocr_line' id='line_1_12' title="bbox 178 329 1440 388; baseline 0.005 -17"><span class='ocrx_word' id='word_1_31' title='bbox 178 330 287 371; x_wconf 80' lang='grc' dir='ltr'><em>αὐτὰ</em></span> <span class='ocrx_word' id='word_1_32' title='bbox 318 331 371 384; x_wconf 83' lang='grc' dir='ltr'><strong><em>δὴ</em></strong></span> <span class='ocrx_word' id='word_1_33' title='bbox 402 329 473 372; x_wconf 84' lang='grc' dir='ltr'><strong><em>καὶ</em></strong></span> <span class='ocrx_word' id='word_1_34' title='bbox 504 331 529 385; x_wconf 83' lang='grc' dir='ltr'>ἡ</span> <span class='ocrx_word' id='word_1_35' title='bbox 560 331 645 373; x_wconf 86' lang='grc' dir='ltr'><strong><em>ὑπὸ</em></strong></span> <span class='ocrx_word' id='word_1_36' title='bbox 673 333 797 373; x_wconf 89' lang='grc' dir='ltr'><strong><em>ΓΑΕ</em></strong></span> <span class='ocrx_word' id='word_1_37' title='bbox 824 338 875 387; x_wconf 79' lang='grc' dir='ltr'><strong><em>τῇ</em></strong></span> <span class='ocrx_word' id='word_1_38' title='bbox 899 332 984 375; x_wconf 85' lang='grc' dir='ltr'><strong><em>ὑπὸ</em></strong></span> <span class='ocrx_word' id='word_1_39' title='bbox 1009 335 1128 375; x_wconf 90' lang='grc' dir='ltr'><strong><em>ΗΙΛ</em></strong></span> <span class='ocrx_word' id='word_1_40' title='bbox 1159 338 1229 388; x_wconf 77' lang='grc' dir='ltr'><strong><em>ἴση</em></strong></span> <span class='ocrx_word' id='word_1_41' title='bbox 1254 334 1386 376; x_wconf 83' lang='grc' dir='ltr'><strong><em>ἐστίν·</em></strong></span> <span class='ocrx_word' id='word_1_42' title='bbox 1418 336 1440 378; x_wconf 86' lang='grc' dir='ltr'>ὅ</span> 
     </span>
     <span class='ocr_line' id='line_1_13' title="bbox 178 400 1490 457; baseline 0.003 -16"><span class='ocrx_word' id='word_1_43' title='bbox 178 401 261 454; x_wconf 75' lang='grc' dir='ltr'><strong><em>ἄρα</em></strong></span> <span class='ocrx_word' id='word_1_44' title='bbox 298 400 324 454; x_wconf 82' lang='grc' dir='ltr'><em>ἡ</em></span> <span class='ocrx_word' id='word_1_45' title='bbox 359 400 444 442; x_wconf 86' lang='grc' dir='ltr'><strong><em>ὑπὸ</em></strong></span> <span class='ocrx_word' id='word_1_46' title='bbox 475 403 557 442; x_wconf 90' lang='grc' dir='ltr'><strong><em>ΒΑ</em></strong></span> <span class='ocrx_word' id='word_1_47' title='bbox 566 403 607 441; x_wconf 96' lang='grc' dir='ltr'>Γ</span> <span class='ocrx_word' id='word_1_48' title='bbox 643 400 720 456; x_wconf 80' lang='grc' dir='ltr'><strong><em>ὅλῃ</em></strong></span> <span class='ocrx_word' id='word_1_49' title='bbox 757 406 808 455; x_wconf 75' lang='grc' dir='ltr'><strong><em>τῇ</em></strong></span> <span class='ocrx_word' id='word_1_50' title='bbox 838 401 922 443; x_wconf 87' lang='grc' dir='ltr'><strong><em>ὑπὸ</em></strong></span> <span class='ocrx_word' id='word_1_51' title='bbox 956 404 1082 443; x_wconf 92' lang='grc' dir='ltr'><strong><em>ΖΙΗ</em></strong></span> <span class='ocrx_word' id='word_1_52' title='bbox 1117 402 1235 444; x_wconf 78' lang='grc' dir='ltr'><strong><em>ἐστιν</em></strong></span> <span class='ocrx_word' id='word_1_53' title='bbox 1267 407 1348 457; x_wconf 77' lang='grc' dir='ltr'><strong><em>ἴση.</em></strong></span> <span class='ocrx_word' id='word_1_54' title='bbox 1407 406 1443 446; x_wconf 85' lang='grc' dir='ltr'><em>ἔ</em></span> <span class='ocrx_word' id='word_1_55' title='bbox 1469 416 1490 451; x_wconf 59' lang='lat' dir='ltr'><strong><em>,j</em></strong></span> 
     </span>
     <span class='ocr_line' id='line_1_14' title="bbox 134 467 1486 526; baseline 0.004 -17"><span class='ocrx_word' id='word_1_56' title='bbox 134 476 154 507; x_wconf 82' lang='lat'>5</span> <span class='ocrx_word' id='word_1_57' title='bbox 183 467 230 510; x_wconf 77' lang='grc' dir='ltr'><strong><em>δὲ</em></strong></span> <span class='ocrx_word' id='word_1_58' title='bbox 272 467 344 510; x_wconf 84' lang='grc' dir='ltr'><strong><em>καὶ</em></strong></span> <span class='ocrx_word' id='word_1_59' title='bbox 380 468 406 522; x_wconf 80' lang='grc' dir='ltr'>ἡ</span> <span class='ocrx_word' id='word_1_60' title='bbox 443 469 528 511; x_wconf 84' lang='grc' dir='ltr'><strong><em>ὑπὸ</em></strong></span> <span class='ocrx_word' id='word_1_61' title='bbox 567 472 708 511; x_wconf 87' lang='grc' dir='ltr'><strong><em>ΖΘΗ</em></strong></span> <span class='ocrx_word' id='word_1_62' title='bbox 743 477 794 525; x_wconf 82' lang='grc' dir='ltr'><strong><em>τῇ</em></strong></span> <span class='ocrx_word' id='word_1_63' title='bbox 831 470 915 512; x_wconf 84' lang='grc' dir='ltr'><strong><em>ὑπὸ</em></strong></span> <span class='ocrx_word' id='word_1_64' title='bbox 953 473 1083 513; x_wconf 89' lang='grc' dir='ltr'><strong><em>ΒΑΓ</em></strong></span> <span class='ocrx_word' id='word_1_65' title='bbox 1113 475 1201 526; x_wconf 79' lang='grc' dir='ltr'><strong><em>ἴση·</em></strong></span> <span class='ocrx_word' id='word_1_66' title='bbox 1243 473 1380 523; x_wconf 78' lang='grc' dir='ltr'><strong><em>οὕτως</em></strong></span> <span class='ocrx_word' id='word_1_67' title='bbox 1449 469 1486 510; x_wconf 54' lang='grc' dir='ltr'><strong><em>»κ’</em></strong></span> 
     </span>
     <span class='ocr_line' id='line_1_15' title="bbox 175 537 1475 596; baseline 0.005 -16"><span class='ocrx_word' id='word_1_68' title='bbox 175 537 372 580; x_wconf 81' lang='grc' dir='ltr'><strong><em>ὑπέκειτο</em></strong></span> <span class='ocrx_word' id='word_1_69' title='bbox 399 539 472 581; x_wconf 82' lang='grc' dir='ltr'><strong><em>διὰ</em></strong></span> <span class='ocrx_word' id='word_1_70' title='bbox 496 540 543 581; x_wconf 90' lang='grc' dir='ltr'><strong><em>τὸ</em></strong></span> <span class='ocrx_word' id='word_1_71' title='bbox 570 539 616 581; x_wconf 85' lang='grc' dir='ltr'><strong><em>ἐν</em></strong></span> <span class='ocrx_word' id='word_1_72' title='bbox 637 542 777 581; x_wconf 85' lang='grc' dir='ltr'><strong><em>ΖΘΗ</em></strong></span> <span class='ocrx_word' id='word_1_73' title='bbox 796 541 979 594; x_wconf 82' lang='grc' dir='ltr'><em>τμήματι</em></span> <span class='ocrx_word' id='word_1_74' title='bbox 1005 537 1114 582; x_wconf 85' lang='grc' dir='ltr'><strong><em>εἶναι</em></strong></span> <span class='ocrx_word' id='word_1_75' title='bbox 1139 542 1217 596; x_wconf 86' lang='grc' dir='ltr'><strong><em>τὴν</em></strong></span> <span class='ocrx_word' id='word_1_76' title='bbox 1234 541 1320 584; x_wconf 83' lang='grc' dir='ltr'><strong><em>ὑπὸ</em></strong></span> <span class='ocrx_word' id='word_1_77' title='bbox 1341 545 1424 585; x_wconf 79' lang='grc' dir='ltr'><strong><em>ΖΘ</em></strong></span> <span class='ocrx_word' id='word_1_78' title='bbox 1472 566 1475 570; x_wconf 52' lang='lat'><em>1</em></span> 
     </span>
     <span class='ocr_line' id='line_1_16' title="bbox 174 607 1494 666; baseline 0.005 -17"><span class='ocrx_word' id='word_1_79' title='bbox 174 607 247 649; x_wconf 83' lang='grc' dir='ltr'><strong><em>καὶ</em></strong></span> <span class='ocrx_word' id='word_1_80' title='bbox 283 609 309 663; x_wconf 79' lang='grc' dir='ltr'><em>ἡ</em></span> <span class='ocrx_word' id='word_1_81' title='bbox 345 608 430 650; x_wconf 89' lang='grc' dir='ltr'><strong><em>ὑπὸ</em></strong></span> <span class='ocrx_word' id='word_1_82' title='bbox 463 611 604 650; x_wconf 85' lang='grc' dir='ltr'><strong><em>ΖΘΗ</em></strong></span> <span class='ocrx_word' id='word_1_83' title='bbox 637 610 720 664; x_wconf 77' lang='grc' dir='ltr'><strong><em>ἄρα</em></strong></span> <span class='ocrx_word' id='word_1_84' title='bbox 755 616 806 665; x_wconf 81' lang='grc' dir='ltr'><strong><em>τῇ</em></strong></span> <span class='ocrx_word' id='word_1_85' title='bbox 837 609 920 652; x_wconf 84' lang='grc' dir='ltr'><strong><em>ὑπὸ</em></strong></span> <span class='ocrx_word' id='word_1_86' title='bbox 955 613 1080 652; x_wconf 90' lang='grc' dir='ltr'><strong><em>ΖΙΗ</em></strong></span> <span class='ocrx_word' id='word_1_87' title='bbox 1111 610 1228 653; x_wconf 79' lang='grc' dir='ltr'><strong><em>ἐστιν</em></strong></span> <span class='ocrx_word' id='word_1_88' title='bbox 1259 615 1346 666; x_wconf 75' lang='grc' dir='ltr'><strong><em>ἴση·</em></strong></span> <span class='ocrx_word' id='word_1_89' title='bbox 1391 612 1494 663; x_wconf 51' lang='lat' dir='ltr'><strong><em>&amp;ac-J·</em></strong></span> 
     </span>
     <span class='ocr_line' id='line_1_17' title="bbox 176 672 1520 737; baseline -0.001 -18"><span class='ocrx_word' id='word_1_90' title='bbox 176 677 293 720; x_wconf 82' lang='grc' dir='ltr'><strong><em>ἐστὶν</em></strong></span> <span class='ocrx_word' id='word_1_91' title='bbox 323 679 495 720; x_wconf 77' lang='grc' dir='ltr'><strong><em>ἄτοπον.</em></strong></span> <span class='ocrx_word' id='word_1_92' title='bbox 545 679 623 720; x_wconf 89' lang='grc' dir='ltr'><strong><em>οὐκ</em></strong></span> <span class='ocrx_word' id='word_1_93' title='bbox 654 680 738 734; x_wconf 79' lang='grc' dir='ltr'><strong><em>ἄρα</em></strong></span> <span class='ocrx_word' id='word_1_94' title='bbox 768 679 794 732; x_wconf 84' lang='grc' dir='ltr'><em>ἡ</em></span> <span class='ocrx_word' id='word_1_95' title='bbox 826 680 898 721; x_wconf 79' lang='grc' dir='ltr'><strong><em>διὰ</em></strong></span> <span class='ocrx_word' id='word_1_96' title='bbox 928 686 1006 721; x_wconf 87' lang='grc' dir='ltr'><strong><em>τοῦ</em></strong></span> <span class='ocrx_word' id='word_1_97' title='bbox 1032 682 1077 721; x_wconf 88' lang='grc' dir='ltr'><strong><em>Κ</em></strong></span> <span class='ocrx_word' id='word_1_98' title='bbox 1103 683 1281 735; x_wconf 83' lang='grc' dir='ltr'><strong><em>σημείου</em></strong></span> <span class='ocrx_word' id='word_1_99' title='bbox 1309 680 1443 737; x_wconf 75' lang='grc' dir='ltr'><strong><em>ἀγομέ</em></strong></span> <span class='ocrx_word' id='word_1_100' title='bbox 1473 672 1520 715; x_wconf 62' lang='grc' dir='ltr'><strong><em>’ᾎ*··</em></strong></span> 
     </span>
     <span class='ocr_line' id='line_1_18' title="bbox 174 747 1519 806; baseline 0.006 -18"><span class='ocrx_word' id='word_1_101' title='bbox 174 747 448 801; x_wconf 76' lang='grc' dir='ltr'><strong><em>παράλληλος</em></strong></span> <span class='ocrx_word' id='word_1_102' title='bbox 465 755 516 803; x_wconf 80' lang='grc' dir='ltr'><strong><em>τῇ</em></strong></span> <span class='ocrx_word' id='word_1_103' title='bbox 539 750 631 789; x_wconf 92' lang='grc' dir='ltr'><strong><em>ΖΗ</em></strong></span> <span class='ocrx_word' id='word_1_104' title='bbox 644 748 943 803; x_wconf 80' lang='grc' dir='ltr'><strong><em>ὑπερπεσεῖται</em></strong></span> <span class='ocrx_word' id='word_1_105' title='bbox 962 755 1036 802; x_wconf 77' lang='grc' dir='ltr'><strong><em>τῆς</em></strong></span> <span class='ocrx_word' id='word_1_106' title='bbox 1058 751 1198 790; x_wconf 86' lang='grc' dir='ltr'><strong><em>ΖΘΗ</em></strong></span> <span class='ocrx_word' id='word_1_107' title='bbox 1212 754 1519 812; x_wconf 75' lang='grc' dir='ltr'><strong><em>περιφερείαζ·;’</em></strong></span> 
     </span>
     <span class='ocr_line' id='line_1_19' title="bbox 109 813 1500 871; baseline 0.002 -15"><span class='ocrx_word' id='word_1_108' title='bbox 109 824 152 855; x_wconf 83' lang='grc'><strong><em>10</em></strong></span> <span class='ocrx_word' id='word_1_109' title='bbox 178 816 337 870; x_wconf 76' lang='grc' dir='ltr'><strong><em>ὁμοίως</em></strong></span> <span class='ocrx_word' id='word_1_110' title='bbox 367 816 432 870; x_wconf 79' lang='grc' dir='ltr'><strong><em>δέ,</em></strong></span> <span class='ocrx_word' id='word_1_111' title='bbox 462 816 543 858; x_wconf 75' lang='grc' dir='ltr'><strong><em>κᾶν</em></strong></span> <span class='ocrx_word' id='word_1_112' title='bbox 576 817 696 867; x_wconf 76' lang='grc' dir='ltr'><strong><em>ἐντός</em></strong></span> <span class='ocrx_word' id='word_1_113' title='bbox 726 833 791 867; x_wconf 77' lang='grc' dir='ltr'><strong><em>τις</em></strong></span> <span class='ocrx_word' id='word_1_114' title='bbox 819 817 1049 871; x_wconf 84' lang='grc' dir='ltr'><strong><em>ὑπόθηται.</em></strong></span> <span class='ocrx_word' id='word_1_115' title='bbox 1476 813 1500 819; x_wconf 53' lang='grc'><strong>”</strong></span> 
     </span>
    </p>
   </div>
   <div class='ocr_carea' id='block_1_4' title="bbox 175 932 1520 1210">
    <p class='ocr_par' dir='ltr' id='par_1_4' title="bbox 620 932 1519 994">
     <span class='ocr_line' id='line_1_20' title="bbox 620 932 1487 994; baseline 0.003 -20"><span class='ocrx_word' id='word_1_116' title='bbox 620 932 689 975; x_wconf 85' lang='lat' dir='ltr'><strong><em>Ad</em></strong></span> <span class='ocrx_word' id='word_1_117' title='bbox 717 947 836 988; x_wconf 87' lang='lat' dir='ltr'>prop.</span> <span class='ocrx_word' id='word_1_118' title='bbox 866 933 1054 975; x_wconf 82' lang='lat' dir='ltr'>LXXXI.</span> <span class='ocrx_word' id='word_1_119' title='bbox 1478 981 1487 994; x_wconf 57' lang='lat'><strong><em>&lt;„</em></strong></span> 
     </span>
    </p>

    <p class='ocr_par' dir='ltr' id='par_1_5' title="bbox 175 1001 1520 1210">
     <span class='ocr_line' id='line_1_21' title="bbox 267 1009 1517 1072; baseline 0.004 -16"><span class='ocrx_word' id='word_1_120' title='bbox 267 1015 361 1056; x_wconf 83' lang='lat'><strong>176.</strong></span> <span class='ocrx_word' id='word_1_121' title='bbox 389 1012 516 1056; x_wconf 64' lang='grc' dir='ltr'><strong><em>Ἀλλὰ</em></strong></span> <span class='ocrx_word' id='word_1_122' title='bbox 535 1021 593 1071; x_wconf 70' lang='grc' dir='ltr'><strong><em>τῷ</em></strong></span> <span class='ocrx_word' id='word_1_123' title='bbox 612 1012 692 1069; x_wconf 66' lang='grc' dir='ltr'><strong><em>μὲν</em></strong></span> <span class='ocrx_word' id='word_1_124' title='bbox 711 1015 795 1056; x_wconf 76' lang='grc' dir='ltr'><strong><em>ὑπὸ</em></strong></span> <span class='ocrx_word' id='word_1_125' title='bbox 815 1022 902 1056; x_wconf 73' lang='grc' dir='ltr'><strong><em>τῶν</em></strong></span> <span class='ocrx_word' id='word_1_126' title='bbox 916 1019 970 1069; x_wconf 82' lang='grc' dir='ltr'><strong><em>Α,</em></strong></span> <span class='ocrx_word' id='word_1_127' title='bbox 986 1018 1027 1057; x_wconf 84' lang='grc' dir='ltr'><strong><em>Γ</em></strong></span> <span class='ocrx_word' id='word_1_128' title='bbox 1046 1017 1400 1072; x_wconf 85' lang='lat' dir='ltr'>p.160‚11—12]</span> <span class='ocrx_word' id='word_1_129' title='bbox 1420 1017 1455 1060; x_wconf 75' lang='grc' dir='ltr'><em>ἐ</em></span> <span class='ocrx_word' id='word_1_130' title='bbox 1479 1009 1517 1062; x_wconf 68' lang='lat'><strong><em>&#39;¹1</em></strong></span> 
     </span>
     <span class='ocr_line' id='line_1_22' title="bbox 175 1081 1520 1145; baseline 0.003 -21"><span class='ocrx_word' id='word_1_131' title='bbox 175 1084 258 1139; x_wconf 77' lang='grc' dir='ltr'><strong><em>γὰρ</em></strong></span> <span class='ocrx_word' id='word_1_132' title='bbox 289 1092 403 1139; x_wconf 79' lang='grc' dir='ltr'><strong><em>τρεῖς</em></strong></span> <span class='ocrx_word' id='word_1_133' title='bbox 434 1084 602 1126; x_wconf 80' lang='grc' dir='ltr'><strong><em>εὐθεῖαι</em></strong></span> <span class='ocrx_word' id='word_1_134' title='bbox 633 1084 850 1137; x_wconf 77' lang='grc' dir='ltr'><strong><em>ἀνάλογον</em></strong></span> <span class='ocrx_word' id='word_1_135' title='bbox 875 1081 1006 1145; x_wconf 11' lang='grc' dir='ltr'><strong><em>«ὦσιν,</em></strong></span> <span class='ocrx_word' id='word_1_136' title='bbox 1040 1086 1087 1127; x_wconf 89' lang='grc' dir='ltr'><strong><em>τὸ</em></strong></span> <span class='ocrx_word' id='word_1_137' title='bbox 1118 1085 1202 1127; x_wconf 87' lang='grc' dir='ltr'><strong><em>ὑπὸ</em></strong></span> <span class='ocrx_word' id='word_1_138' title='bbox 1234 1093 1321 1127; x_wconf 77' lang='grc' dir='ltr'><strong><em>τῶν</em></strong></span> <span class='ocrx_word' id='word_1_139' title='bbox 1351 1087 1457 1142; x_wconf 69' lang='grc' dir='ltr'><strong><em>ἄκρη</em></strong></span> <span class='ocrx_word' id='word_1_140' title='bbox 1483 1127 1486 1131; x_wconf 77' lang='grc'>,</span> <span class='ocrx_word' id='word_1_141' title='bbox 1518 1103 1520 1105; x_wconf 93' lang='grc'><em>·</em></span> 
     </span>
     <span class='ocr_line' id='line_1_23' title="bbox 176 1147 1519 1210; baseline 0 -16"><span class='ocrx_word' id='word_1_142' title='bbox 176 1156 273 1195; x_wconf 82' lang='grc' dir='ltr'><strong><em>ἴσον</em></strong></span> <span class='ocrx_word' id='word_1_143' title='bbox 296 1159 356 1210; x_wconf 78' lang='grc' dir='ltr'><strong><em>τῷ</em></strong></span> <span class='ocrx_word' id='word_1_144' title='bbox 381 1153 464 1195; x_wconf 83' lang='grc' dir='ltr'><strong><em>ἀπὸ</em></strong></span> <span class='ocrx_word' id='word_1_145' title='bbox 489 1160 564 1208; x_wconf 80' lang='grc' dir='ltr'><strong><em>τῆς</em></strong></span> <span class='ocrx_word' id='word_1_146' title='bbox 588 1153 718 1208; x_wconf 76' lang='grc' dir='ltr'><strong><em>μέσης</em></strong></span> <span class='ocrx_word' id='word_1_147' title='bbox 743 1154 815 1196; x_wconf 76' lang='grc' dir='ltr'><strong><em>διὰ</em></strong></span> <span class='ocrx_word' id='word_1_148' title='bbox 840 1150 887 1195; x_wconf 86' lang='grc' dir='ltr'><strong><em>τὸ</em></strong></span> <span class='ocrx_word' id='word_1_149' title='bbox 914 1153 967 1204; x_wconf 83' lang='grc' dir='ltr'><strong><em>ιζ’</em></strong></span> <span class='ocrx_word' id='word_1_150' title='bbox 986 1161 1063 1196; x_wconf 87' lang='grc' dir='ltr'><strong><em>τοῦ</em></strong></span> <span class='ocrx_word' id='word_1_151' title='bbox 1090 1153 1131 1199; x_wconf 80' lang='grc' dir='ltr'><strong><em>ς’</em></strong></span> <span class='ocrx_word' id='word_1_152' title='bbox 1156 1162 1244 1196; x_wconf 81' lang='grc' dir='ltr'><strong><em>τῶν</em></strong></span> <span class='ocrx_word' id='word_1_153' title='bbox 1262 1147 1484 1210; x_wconf 67' lang='grc' dir='ltr'><strong><em>στοιχείων</em></strong></span> <span class='ocrx_word' id='word_1_154' title='bbox 1510 1154 1519 1194; x_wconf 70' lang='grc' dir='ltr'><strong><em>ζ.</em></strong></span> 
     </span>
    </p>
   </div>
   <div class='ocr_carea' id='block_1_5' title="bbox 104 1269 1520 1756">
    <p class='ocr_par' dir='ltr' id='par_1_6' title="bbox 104 1269 1520 1757">
     <span class='ocr_line' id='line_1_24' title="bbox 105 1269 1078 1325; baseline 0.001 -15"><span class='ocrx_word' id='word_1_155' title='bbox 105 1289 149 1320; x_wconf 78' lang='lat'><strong><em>15</em></strong></span> <span class='ocrx_word' id='word_1_156' title='bbox 577 1269 668 1311; x_wconf 41' lang='lat' dir='ltr'><strong><em>&gt;Ad</em></strong></span> <span class='ocrx_word' id='word_1_157' title='bbox 698 1284 815 1325; x_wconf 82' lang='lat' dir='ltr'><strong>prop.</strong></span> <span class='ocrx_word' id='word_1_158' title='bbox 847 1269 1078 1311; x_wconf 75' lang='lat' dir='ltr'>LXXXIII.</span> 
     </span>
     <span class='ocr_line' id='line_1_25' title="bbox 265 1341 1372 1405; baseline 0.003 -13"><span class='ocrx_word' id='word_1_159' title='bbox 265 1351 359 1393; x_wconf 81' lang='lat'><strong>177.</strong></span> <span class='ocrx_word' id='word_1_160' title='bbox 403 1349 489 1392; x_wconf 82' lang='grc' dir='ltr'><strong><em>Καὶ</em></strong></span> <span class='ocrx_word' id='word_1_161' title='bbox 525 1356 603 1392; x_wconf 86' lang='grc' dir='ltr'><strong><em>τοῦ</em></strong></span> <span class='ocrx_word' id='word_1_162' title='bbox 638 1350 723 1393; x_wconf 86' lang='grc' dir='ltr'><strong><em>ὑπὸ</em></strong></span> <span class='ocrx_word' id='word_1_163' title='bbox 763 1358 851 1393; x_wconf 83' lang='grc' dir='ltr'><strong><em>τῶν</em></strong></span> <span class='ocrx_word' id='word_1_164' title='bbox 887 1356 946 1405; x_wconf 87' lang='lat' dir='ltr'><strong><em>A,</em></strong></span> <span class='ocrx_word' id='word_1_165' title='bbox 979 1356 1021 1394; x_wconf 86' lang='lat' dir='ltr'><em>A</em></span> <span class='ocrx_word' id='word_1_166' title='bbox 1342 1341 1372 1373; x_wconf 83' lang='grc' dir='ltr'><em>Ε</em></span> 
     </span>
     <span class='ocr_line' id='line_1_26' title="bbox 173 1420 1021 1476; baseline 0.001 -14"><span class='ocrx_word' id='word_1_167' title='bbox 173 1420 282 1475; x_wconf 76' lang='grc' dir='ltr'><strong>πρὸς</strong></span> <span class='ocrx_word' id='word_1_168' title='bbox 318 1422 366 1462; x_wconf 90' lang='grc' dir='ltr'><strong><em>τὸ</em></strong></span> <span class='ocrx_word' id='word_1_169' title='bbox 402 1420 487 1462; x_wconf 85' lang='grc' dir='ltr'><strong><em>ὑπὸ</em></strong></span> <span class='ocrx_word' id='word_1_170' title='bbox 524 1428 611 1462; x_wconf 85' lang='grc' dir='ltr'><strong><em>τῶν</em></strong></span> <span class='ocrx_word' id='word_1_171' title='bbox 649 1425 707 1474; x_wconf 78' lang='grc' dir='ltr'><strong><em>Α,</em></strong></span> <span class='ocrx_word' id='word_1_172' title='bbox 742 1424 783 1462; x_wconf 88' lang='grc' dir='ltr'><em>Ε</em></span> <span class='ocrx_word' id='word_1_173' title='bbox 830 1421 887 1476; x_wconf 89' lang='lat' dir='ltr'><strong><em>[p.</em></strong></span> <span class='ocrx_word' id='word_1_174' title='bbox 922 1422 1021 1476; x_wconf 87' lang='grc'><strong>164,</strong></span> 
     </span>
     <span class='ocr_line' id='line_1_27' title="bbox 176 1489 1019 1544; baseline 0.002 -13"><span class='ocrx_word' id='word_1_175' title='bbox 176 1489 390 1544; x_wconf 84' lang='grc'><strong>15-16].</strong></span> <span class='ocrx_word' id='word_1_176' title='bbox 464 1490 672 1532; x_wconf 78' lang='grc' dir='ltr'><strong><em>ἐκκείσθω</em></strong></span> <span class='ocrx_word' id='word_1_177' title='bbox 709 1506 774 1540; x_wconf 80' lang='grc' dir='ltr'><strong><em>τις</em></strong></span> <span class='ocrx_word' id='word_1_178' title='bbox 810 1491 960 1533; x_wconf 80' lang='grc' dir='ltr'><strong><em>εὐθεῖα</em></strong></span> <span class='ocrx_word' id='word_1_179' title='bbox 993 1491 1019 1544; x_wconf 81' lang='grc' dir='ltr'><em>ἡ</em></span> 
     </span>
     <span class='ocr_line' id='line_1_28' title="bbox 173 1558 1019 1616; baseline 0.002 -16"><span class='ocrx_word' id='word_1_180' title='bbox 173 1561 280 1614; x_wconf 84' lang='grc' dir='ltr'><strong><em>ΑΒ,</em></strong></span> <span class='ocrx_word' id='word_1_181' title='bbox 310 1558 382 1600; x_wconf 82' lang='grc' dir='ltr'><strong><em>καὶ</em></strong></span> <span class='ocrx_word' id='word_1_182' title='bbox 413 1559 656 1615; x_wconf 77' lang='grc' dir='ltr'><strong><em>ἀφῃρήσθω</em></strong></span> <span class='ocrx_word' id='word_1_183' title='bbox 687 1567 738 1616; x_wconf 82' lang='grc' dir='ltr'><strong><em>τῇ</em></strong></span> <span class='ocrx_word' id='word_1_184' title='bbox 769 1558 848 1615; x_wconf 75' lang='grc' dir='ltr'><strong><em>μὲν</em></strong></span> <span class='ocrx_word' id='word_1_185' title='bbox 878 1564 918 1602; x_wconf 91' lang='grc' dir='ltr'><em>Ε</em></span> <span class='ocrx_word' id='word_1_186' title='bbox 950 1565 1019 1614; x_wconf 78' lang='grc' dir='ltr'><strong><em>ἴση</em></strong></span> 
     </span>
     <span class='ocr_line' id='line_1_29' title="bbox 104 1627 1520 1686; baseline 0.003 -18"><span class='ocrx_word' id='word_1_187' title='bbox 104 1627 199 1682; x_wconf 80' lang='grc' dir='ltr'><strong><em>2οἡ</em></strong></span> <span class='ocrx_word' id='word_1_188' title='bbox 237 1631 342 1683; x_wconf 81' lang='grc' dir='ltr'><strong><em>ΑΓ,</em></strong></span> <span class='ocrx_word' id='word_1_189' title='bbox 384 1636 435 1686; x_wconf 82' lang='grc' dir='ltr'><strong><em>τῇ</em></strong></span> <span class='ocrx_word' id='word_1_190' title='bbox 473 1627 519 1671; x_wconf 72' lang='grc' dir='ltr'><strong><em>δὲ</em></strong></span> <span class='ocrx_word' id='word_1_191' title='bbox 557 1634 599 1671; x_wconf 93' lang='grc' dir='ltr'><em>Δ</em></span> <span class='ocrx_word' id='word_1_192' title='bbox 636 1633 705 1683; x_wconf 76' lang='grc' dir='ltr'><strong><em>ἴση</em></strong></span> <span class='ocrx_word' id='word_1_193' title='bbox 743 1630 768 1684; x_wconf 83' lang='grc' dir='ltr'><em>ἡ</em></span> <span class='ocrx_word' id='word_1_194' title='bbox 807 1632 906 1684; x_wconf 78' lang='grc' dir='ltr'><strong><em>ΓΒ,</em></strong></span> <span class='ocrx_word' id='word_1_195' title='bbox 949 1629 1019 1672; x_wconf 79' lang='grc' dir='ltr'><strong><em>καὶ</em></strong></span> <span class='ocrx_word' id='word_1_196' title='bbox 1493 1671 1520 1679; x_wconf 64' lang='grc'><strong>,</strong></span> 
     </span>
     <span class='ocr_line' id='line_1_30' title="bbox 172 1688 1487 1756; baseline -0.001 -16"><span class='ocrx_word' id='word_1_197' title='bbox 172 1699 280 1754; x_wconf 76' lang='grc' dir='ltr'><strong>πρὸς</strong></span> <span class='ocrx_word' id='word_1_198' title='bbox 315 1699 454 1754; x_wconf 80' lang='grc' dir='ltr'><em>ὀρθὰς</em></span> <span class='ocrx_word' id='word_1_199' title='bbox 495 1700 617 1754; x_wconf 79' lang='grc' dir='ltr'><strong><em>ἤχθω</em></strong></span> <span class='ocrx_word' id='word_1_200' title='bbox 658 1699 740 1741; x_wconf 83' lang='grc' dir='ltr'><strong><em>ἀπὸ</em></strong></span> <span class='ocrx_word' id='word_1_201' title='bbox 776 1705 854 1740; x_wconf 85' lang='grc' dir='ltr'><strong><em>τοῦ</em></strong></span> <span class='ocrx_word' id='word_1_202' title='bbox 892 1701 934 1741; x_wconf 94' lang='grc' dir='ltr'>Γ</span> <span class='ocrx_word' id='word_1_203' title='bbox 968 1706 1019 1755; x_wconf 79' lang='grc' dir='ltr'><strong><em>τῇ</em></strong></span> <span class='ocrx_word' id='word_1_204' title='bbox 1079 1688 1487 1756; x_wconf 54' lang='lat' dir='ltr'><strong><em>A—-f--B</em></strong></span> 
     </span>
    </p>
   </div>
   <div class='ocr_carea' id='block_1_6' title="bbox 173 1770 451 1775">
    <p class='ocr_par' dir='ltr' id='par_1_7' title="bbox 173 1770 451 1775">
     <span class='ocr_line' id='line_1_31' title="bbox 173 1770 451 1775; baseline 0 0"><span class='ocrx_word' id='word_1_205' title='bbox 173 1770 451 1775; x_wconf 95' lang='lat' dir='ltr'><strong><em> </em></strong></span> 
     </span>
    </p>
   </div>
   <div class='ocr_carea' id='block_1_7' title="bbox 171 1801 1501 1894">
    <p class='ocr_par' dir='ltr' id='par_1_8' title="bbox 171 1800 1501 1894">
     <span class='ocr_line' id='line_1_32' title="bbox 267 1801 1501 1847; baseline 0 -11"><span class='ocrx_word' id='word_1_206' title='bbox 267 1805 346 1836; x_wconf 83' lang='grc'>176.</span> <span class='ocrx_word' id='word_1_207' title='bbox 373 1801 463 1845; x_wconf 82' lang='grc' dir='ltr'><strong>Ρ1λ;</strong></span> <span class='ocrx_word' id='word_1_208' title='bbox 495 1801 595 1836; x_wconf 81' lang='lat' dir='ltr'>idem</span> <span class='ocrx_word' id='word_1_209' title='bbox 619 1801 731 1836; x_wconf 83' lang='lat' dir='ltr'><strong>schol.</strong></span> <span class='ocrx_word' id='word_1_210' title='bbox 751 1813 874 1836; x_wconf 81' lang='lat' dir='ltr'>rursus</span> <span class='ocrx_word' id='word_1_211' title='bbox 899 1802 1038 1837; x_wconf 75' lang='lat' dir='ltr'>habent</span> <span class='ocrx_word' id='word_1_212' title='bbox 1057 1802 1105 1836; x_wconf 87' lang='lat' dir='ltr'><strong><em>ad</em></strong></span> <span class='ocrx_word' id='word_1_213' title='bbox 1125 1813 1157 1837; x_wconf 90' lang='lat' dir='ltr'><strong><em>u.</em></strong></span> <span class='ocrx_word' id='word_1_214' title='bbox 1178 1814 1212 1847; x_wconf 86' lang='lat' dir='ltr'><strong><em>p.</em></strong></span> <span class='ocrx_word' id='word_1_215' title='bbox 1235 1806 1312 1846; x_wconf 83' lang='lat'>160,</span> <span class='ocrx_word' id='word_1_216' title='bbox 1333 1806 1375 1836; x_wconf 81' lang='lat'><strong><em>21</em></strong></span> <span class='ocrx_word' id='word_1_217' title='bbox 1402 1802 1447 1836; x_wconf 78' lang='grc' dir='ltr'><strong><em>ἀλ</em></strong></span> <span class='ocrx_word' id='word_1_218' title='bbox 1500 1816 1501 1819; x_wconf 79' lang='lat'>¹</span> 
     </span>
     <span class='ocr_line' id='line_1_33' title="bbox 171 1846 1490 1894; baseline 0 -11"><span class='ocrx_word' id='word_1_219' title='bbox 171 1850 221 1894; x_wconf 80' lang='grc' dir='ltr'><strong><em>τῷ</em></strong></span> <span class='ocrx_word' id='word_1_220' title='bbox 246 1846 312 1893; x_wconf 84' lang='grc' dir='ltr'><strong><em>μέν</em></strong></span> <span class='ocrx_word' id='word_1_221' title='bbox 338 1850 409 1883; x_wconf 81' lang='grc' dir='ltr'><strong><em>κτλ.</em></strong></span> <span class='ocrx_word' id='word_1_222' title='bbox 506 1852 583 1883; x_wconf 81' lang='grc'><strong>177.</strong></span> <span class='ocrx_word' id='word_1_223' title='bbox 608 1848 844 1892; x_wconf 69' lang='lat' dir='ltr'>P1Vat.v09.</span> <span class='ocrx_word' id='word_1_224' title='bbox 893 1848 1068 1894; x_wconf 81' lang='lat' dir='ltr'><strong>Figuram</strong></span> <span class='ocrx_word' id='word_1_225' title='bbox 1092 1848 1178 1883; x_wconf 81' lang='lat' dir='ltr'>dedi</span> <span class='ocrx_word' id='word_1_226' title='bbox 1203 1859 1247 1883; x_wconf 82' lang='lat' dir='ltr'><strong><em>ex</em></strong></span> <span class='ocrx_word' id='word_1_227' title='bbox 1271 1849 1354 1883; x_wconf 79' lang='lat' dir='ltr'><strong>Vat.</strong></span> <span class='ocrx_word' id='word_1_228' title='bbox 1488 1849 1490 1851; x_wconf 81' lang='grc'><strong>’</strong></span> 
     </span>
    </p>
   </div>
   <div class='ocr_carea' id='block_1_8' title="bbox 174 1909 451 1917">
    <p class='ocr_par' dir='ltr' id='par_1_9' title="bbox 174 1909 451 1917">
     <span class='ocr_line' id='line_1_34' title="bbox 174 1909 451 1917; baseline 0 591"><span class='ocrx_word' id='word_1_229' title='bbox 174 1909 451 1917; x_wconf 95' lang='lat' dir='ltr'><strong><em> </em></strong></span> 
     </span>
    </p>
   </div>
   <div class='ocr_carea' id='block_1_9' title="bbox 168 1939 1491 2127">
    <p class='ocr_par' dir='ltr' id='par_1_10' title="bbox 168 1939 1502 2130">
     <span class='ocr_line' id='line_1_35' title="bbox 266 1939 1490 1989; baseline 0.001 -14"><span class='ocrx_word' id='word_1_230' title='bbox 266 1945 297 1976; x_wconf 80' lang='lat'><strong><em>2.</em></strong></span> <span class='ocrx_word' id='word_1_231' title='bbox 323 1941 412 1976; x_wconf 69' lang='lat' dir='ltr'><strong>Post</strong></span> <span class='ocrx_word' id='word_1_232' title='bbox 437 1940 509 1985; x_wconf 77' lang='grc' dir='ltr'><strong><em>ἄρα</em></strong></span> <span class='ocrx_word' id='word_1_233' title='bbox 535 1941 619 1976; x_wconf 81' lang='lat' dir='ltr'><strong>add.</strong></span> <span class='ocrx_word' id='word_1_234' title='bbox 647 1939 742 1976; x_wconf 78' lang='grc' dir='ltr'><strong><em>ἐστίν</em></strong></span> <span class='ocrx_word' id='word_1_235' title='bbox 766 1941 890 1978; x_wconf 84' lang='lat' dir='ltr'><strong>Ambr.</strong></span> <span class='ocrx_word' id='word_1_236' title='bbox 985 1940 1115 1989; x_wconf 76' lang='grc' dir='ltr'><strong><em>γωνίᾳ]</em></strong></span> <span class='ocrx_word' id='word_1_237' title='bbox 1143 1952 1211 1976; x_wconf 88' lang='lat' dir='ltr'><strong><em>om.</em></strong></span> <span class='ocrx_word' id='word_1_238' title='bbox 1237 1940 1363 1976; x_wconf 85' lang='lat' dir='ltr'><strong>Ambr.</strong></span> <span class='ocrx_word' id='word_1_239' title='bbox 1457 1943 1490 1976; x_wconf 81' lang='grc'><strong><em>3.</em></strong></span> 
     </span>
     <span class='ocr_line' id='line_1_36' title="bbox 174 1985 1491 2034; baseline 0.001 -12"><span class='ocrx_word' id='word_1_240' title='bbox 174 1989 275 2022; x_wconf 88' lang='grc' dir='ltr'><strong><em>ΗΙΛ</em></strong></span> <span class='ocrx_word' id='word_1_241' title='bbox 302 2008 344 2013; x_wconf 91' lang='lat'><strong><em>——</em></strong></span> <span class='ocrx_word' id='word_1_242' title='bbox 370 1991 403 2022; x_wconf 78' lang='lat'><strong><em>4.</em></strong></span> <span class='ocrx_word' id='word_1_243' title='bbox 433 1988 551 2034; x_wconf 91' lang='lat' dir='ltr'><strong><em>ZIH]</em></strong></span> <span class='ocrx_word' id='word_1_244' title='bbox 581 1990 683 2022; x_wconf 89' lang='lat' dir='ltr'><strong><em>ZIH</em></strong></span> <span class='ocrx_word' id='word_1_245' title='bbox 705 1987 799 2022; x_wconf 80' lang='grc' dir='ltr'><strong><em>ἐστιν</em></strong></span> <span class='ocrx_word' id='word_1_246' title='bbox 825 1987 901 2032; x_wconf 78' lang='grc' dir='ltr'><strong><em>ἴση,</em></strong></span> <span class='ocrx_word' id='word_1_247' title='bbox 926 1987 1017 2022; x_wconf 78' lang='grc' dir='ltr'><em>ἀλλὰ</em></span> <span class='ocrx_word' id='word_1_248' title='bbox 1041 1988 1104 2023; x_wconf 81' lang='grc' dir='ltr'><strong><em>καὶ</em></strong></span> <span class='ocrx_word' id='word_1_249' title='bbox 1128 1993 1170 2034; x_wconf 80' lang='grc' dir='ltr'><strong><em>τῇ</em></strong></span> <span class='ocrx_word' id='word_1_250' title='bbox 1195 1987 1266 2022; x_wconf 84' lang='grc' dir='ltr'><strong><em>ὑπὸ</em></strong></span> <span class='ocrx_word' id='word_1_251' title='bbox 1295 1989 1410 2022; x_wconf 84' lang='grc' dir='ltr'><strong><em>ΖΘΗ</em></strong></span> <span class='ocrx_word' id='word_1_252' title='bbox 1431 1985 1491 2023; x_wconf 90' lang='lat' dir='ltr'><strong><em>Pl.</em></strong></span> 
     </span>
     <span class='ocr_line' id='line_1_37' title="bbox 219 2032 1490 2082; baseline 0.001 -14"><span class='ocrx_word' id='word_1_253' title='bbox 219 2038 252 2070; x_wconf 77' lang='lat'><strong><em>4.</em></strong></span> <span class='ocrx_word' id='word_1_254' title='bbox 278 2033 336 2079; x_wconf 78' lang='grc' dir='ltr'><strong><em>ἴση</em></strong></span> <span class='ocrx_word' id='word_1_255' title='bbox 360 2032 455 2069; x_wconf 77' lang='grc' dir='ltr'><strong><em>ἐστίν</em></strong></span> <span class='ocrx_word' id='word_1_256' title='bbox 481 2034 604 2069; x_wconf 87' lang='lat' dir='ltr'><strong>Ambr.</strong></span> <span class='ocrx_word' id='word_1_257' title='bbox 701 2033 773 2069; x_wconf 80' lang='grc' dir='ltr'><strong><em>ἔστι</em></strong></span> <span class='ocrx_word' id='word_1_258' title='bbox 798 2054 841 2060; x_wconf 90' lang='lat'><strong><em>-—</em></strong></span> <span class='ocrx_word' id='word_1_259' title='bbox 868 2038 898 2069; x_wconf 88' lang='lat'><strong><em>5.</em></strong></span> <span class='ocrx_word' id='word_1_260' title='bbox 926 2033 1000 2082; x_wconf 75' lang='grc' dir='ltr'><strong><em>ἴση]</em></strong></span> <span class='ocrx_word' id='word_1_261' title='bbox 1026 2034 1160 2078; x_wconf 84' lang='lat' dir='ltr'>Ambr.,</span> <span class='ocrx_word' id='word_1_262' title='bbox 1187 2044 1256 2069; x_wconf 92' lang='lat' dir='ltr'><strong><em>om.</em></strong></span> <span class='ocrx_word' id='word_1_263' title='bbox 1277 2035 1361 2068; x_wconf 72' lang='lat' dir='ltr'>cett.</span> <span class='ocrx_word' id='word_1_264' title='bbox 1458 2036 1490 2069; x_wconf 84' lang='lat'><strong><em>5.</em></strong></span> 
     </span>
     <span class='ocr_line' id='line_1_38' title="bbox 168 2078 1490 2127; baseline 0 -12"><span class='ocrx_word' id='word_1_265' title='bbox 168 2078 287 2121; x_wconf 72' lang='grc' dir='ltr'><strong><em>οὕτως</em></strong></span> <span class='ocrx_word' id='word_1_266' title='bbox 301 2101 344 2107; x_wconf 86' lang='grc'>-</span> <span class='ocrx_word' id='word_1_267' title='bbox 359 2084 390 2116; x_wconf 86' lang='grc'><strong><em>6,</em></strong></span> <span class='ocrx_word' id='word_1_268' title='bbox 414 2081 648 2127; x_wconf 58' lang='grc' dir='ltr'>ΖΘΗ(311;.)]</span> <span class='ocrx_word' id='word_1_269' title='bbox 674 2091 743 2116; x_wconf 91' lang='lat' dir='ltr'><strong><em>om.</em></strong></span> <span class='ocrx_word' id='word_1_270' title='bbox 758 2080 881 2117; x_wconf 88' lang='lat' dir='ltr'><strong>Ambr.</strong></span> <span class='ocrx_word' id='word_1_271' title='bbox 961 2087 992 2116; x_wconf 82' lang='lat'><strong><em>6.</em></strong></span> <span class='ocrx_word' id='word_1_272' title='bbox 1013 2081 1068 2127; x_wconf 83' lang='grc' dir='ltr'><strong><em>ἐν]</em></strong></span> <span class='ocrx_word' id='word_1_273' title='bbox 1089 2091 1198 2125; x_wconf 83' lang='lat' dir='ltr'><strong>supra</strong></span> <span class='ocrx_word' id='word_1_274' title='bbox 1218 2089 1282 2115; x_wconf 87' lang='lat' dir='ltr'>scr.</span> <span class='ocrx_word' id='word_1_275' title='bbox 1309 2091 1355 2115; x_wconf 91' lang='lat' dir='ltr'><strong><em>m.</em></strong></span> <span class='ocrx_word' id='word_1_276' title='bbox 1372 2083 1389 2114; x_wconf 93' lang='lat'>1</span> <span class='ocrx_word' id='word_1_277' title='bbox 1405 2079 1490 2115; x_wconf 64' lang='grc' dir='ltr'><strong><em>Ἶαὺ.</em></strong></span> 
     </span>
    </p>
   </div>
   <div class='ocr_carea' id='block_1_10' title="bbox 173 2135 1498 2336">
    <p class='ocr_par' dir='ltr' id='par_1_11' title="bbox 173 2135 1498 2336">
     <span class='ocr_line' id='line_1_39' title="bbox 219 2135 1497 2197; baseline 0 -12"><span class='ocrx_word' id='word_1_278' title='bbox 219 2153 252 2186; x_wconf 77' lang='lat'><strong><em>7.</em></strong></span> <span class='ocrx_word' id='word_1_279' title='bbox 282 2151 416 2197; x_wconf 74' lang='grc' dir='ltr'>ΖΘΗ]</span> <span class='ocrx_word' id='word_1_280' title='bbox 453 2152 569 2186; x_wconf 68' lang='lat' dir='ltr'><strong><em>zon</em></strong></span> <span class='ocrx_word' id='word_1_281' title='bbox 589 2150 726 2194; x_wconf 60' lang='lat' dir='ltr'><strong><em>Nat„</em></strong></span> <span class='ocrx_word' id='word_1_282' title='bbox 759 2161 849 2185; x_wconf 72' lang='lat' dir='ltr'>corr.</span> <span class='ocrx_word' id='word_1_283' title='bbox 875 2161 921 2185; x_wconf 81' lang='lat' dir='ltr'><strong><em>m.</em></strong></span> <span class='ocrx_word' id='word_1_284' title='bbox 950 2154 967 2184; x_wconf 92' lang='lat'>1</span> <span class='ocrx_word' id='word_1_285' title='bbox 993 2150 1095 2193; x_wconf 46' lang='grc' dir='ltr'><strong><em>νᾶα,</em></strong></span> <span class='ocrx_word' id='word_1_286' title='bbox 1131 2152 1242 2184; x_wconf 80' lang='grc' dir='ltr'><strong><em>ΖΑΗ</em></strong></span> <span class='ocrx_word' id='word_1_287' title='bbox 1262 2148 1292 2192; x_wconf 84' lang='grc'><strong><em>1,</em></strong></span> <span class='ocrx_word' id='word_1_288' title='bbox 1324 2135 1430 2193; x_wconf 61' lang='grc' dir='ltr'><strong><em>ζῆηθ</em></strong></span> <span class='ocrx_word' id='word_1_289' title='bbox 1454 2147 1497 2185; x_wconf 82' lang='lat' dir='ltr'><strong><em>S.</em></strong></span> 
     </span>
     <span class='ocr_line' id='line_1_40' title="bbox 216 2193 1498 2243; baseline -0.002 -11"><span class='ocrx_word' id='word_1_290' title='bbox 216 2196 307 2243; x_wconf 80' lang='grc' dir='ltr'>ἄρα]</span> <span class='ocrx_word' id='word_1_291' title='bbox 341 2207 410 2232; x_wconf 92' lang='lat' dir='ltr'><strong><em>om.</em></strong></span> <span class='ocrx_word' id='word_1_292' title='bbox 438 2197 474 2232; x_wconf 88' lang='lat' dir='ltr'><strong><em>S.</em></strong></span> <span class='ocrx_word' id='word_1_293' title='bbox 595 2197 713 2242; x_wconf 88' lang='lat' dir='ltr'><em>ZIH]</em></span> <span class='ocrx_word' id='word_1_294' title='bbox 749 2199 850 2231; x_wconf 88' lang='lat' dir='ltr'><strong><em>ZHI</em></strong></span> <span class='ocrx_word' id='word_1_295' title='bbox 870 2207 899 2231; x_wconf 89' lang='lat' dir='ltr'><strong><em>c.</em></strong></span> <span class='ocrx_word' id='word_1_296' title='bbox 1013 2196 1109 2231; x_wconf 80' lang='grc' dir='ltr'><strong><em>ἐστιν</em></strong></span> <span class='ocrx_word' id='word_1_297' title='bbox 1136 2195 1210 2242; x_wconf 83' lang='grc' dir='ltr'><strong><em>ἴση]</em></strong></span> <span class='ocrx_word' id='word_1_298' title='bbox 1237 2194 1294 2240; x_wconf 79' lang='grc' dir='ltr'><strong><em>ἴση</em></strong></span> <span class='ocrx_word' id='word_1_299' title='bbox 1321 2193 1434 2238; x_wconf 82' lang='grc' dir='ltr'><strong><em>ἐστίν,</em></strong></span> <span class='ocrx_word' id='word_1_300' title='bbox 1492 2220 1498 2236; x_wconf 79' lang='lat'><em>;</em></span> 
     </span>
     <span class='ocr_line' id='line_1_41' title="bbox 173 2239 1495 2289; baseline -0.002 -10"><span class='ocrx_word' id='word_1_301' title='bbox 173 2242 302 2289; x_wconf 79' lang='grc' dir='ltr'><strong><em>μείζων</em></strong></span> <span class='ocrx_word' id='word_1_302' title='bbox 327 2249 370 2289; x_wconf 83' lang='grc' dir='ltr'><strong><em>τῇ</em></strong></span> <span class='ocrx_word' id='word_1_303' title='bbox 397 2242 563 2278; x_wconf 73' lang='grc' dir='ltr'><strong><em>ἐλάσσονι</em></strong></span> <span class='ocrx_word' id='word_1_304' title='bbox 587 2243 711 2277; x_wconf 89' lang='lat' dir='ltr'><strong>Ambr.</strong></span> <span class='ocrx_word' id='word_1_305' title='bbox 810 2247 841 2279; x_wconf 88' lang='lat'><strong><em>8.</em></strong></span> <span class='ocrx_word' id='word_1_306' title='bbox 868 2241 978 2289; x_wconf 76' lang='grc' dir='ltr'><strong><em>ἐστίν]</em></strong></span> <span class='ocrx_word' id='word_1_307' title='bbox 1005 2254 1072 2278; x_wconf 91' lang='lat' dir='ltr'><strong><em>om.</em></strong></span> <span class='ocrx_word' id='word_1_308' title='bbox 1094 2242 1216 2277; x_wconf 87' lang='lat' dir='ltr'>Ambr.</span> <span class='ocrx_word' id='word_1_309' title='bbox 1311 2241 1350 2288; x_wconf 84' lang='grc' dir='ltr'><strong><em>ὴ]</em></strong></span> <span class='ocrx_word' id='word_1_310' title='bbox 1376 2251 1444 2276; x_wconf 86' lang='lat' dir='ltr'><strong><em>om.</em></strong></span> <span class='ocrx_word' id='word_1_311' title='bbox 1465 2239 1495 2276; x_wconf 85' lang='lat' dir='ltr'><strong><em>l.-</em></strong></span> 
     </span>
     <span class='ocr_line' id='line_1_42' title="bbox 219 2287 1496 2336; baseline -0.003 -10"><span class='ocrx_word' id='word_1_312' title='bbox 219 2294 251 2326; x_wconf 83' lang='grc'><strong><em>9.</em></strong></span> <span class='ocrx_word' id='word_1_313' title='bbox 281 2290 414 2336; x_wconf 88' lang='grc' dir='ltr'><strong>ΖΘΗ]</strong></span> <span class='ocrx_word' id='word_1_314' title='bbox 443 2291 558 2325; x_wconf 85' lang='grc' dir='ltr'><strong><em>ΖΗΘ</em></strong></span> <span class='ocrx_word' id='word_1_315' title='bbox 582 2289 777 2324; x_wconf 67' lang='lat' dir='ltr'><strong>Ambr.S.&#39;</strong></span> <span class='ocrx_word' id='word_1_316' title='bbox 848 2292 899 2324; x_wconf 75' lang='lat'>1-6.</span> <span class='ocrx_word' id='word_1_317' title='bbox 926 2287 989 2325; x_wconf 74' lang='grc' dir='ltr'><strong><em>καί</em></strong></span> <span class='ocrx_word' id='word_1_318' title='bbox 1015 2310 1056 2315; x_wconf 89' lang='grc'>-</span> <span class='ocrx_word' id='word_1_319' title='bbox 1086 2293 1138 2324; x_wconf 84' lang='grc'><strong><em>17.</em></strong></span> <span class='ocrx_word' id='word_1_320' title='bbox 1165 2289 1216 2335; x_wconf 90' lang='grc' dir='ltr'><strong><em>Ε]</em></strong></span> <span class='ocrx_word' id='word_1_321' title='bbox 1243 2291 1311 2323; x_wconf 72' lang='lat' dir='ltr'><strong>oin.</strong></span> <span class='ocrx_word' id='word_1_322' title='bbox 1338 2299 1370 2323; x_wconf 82' lang='lat' dir='ltr'><strong><em>V.</em></strong></span> <span class='ocrx_word' id='word_1_323' title='bbox 1493 2295 1496 2300; x_wconf 96' lang='grc'><strong><em>’</em></strong></span> 
     </span>
    </p>
   </div>
  </div>
 </body>
</html>
