1520 2508
8 0 15 122 Ι
212 41 215 44 ’
655 54 793 88 DATA.
1037 39 1041 44 '
1195 76 1198 80 .
1338 39 1395 90 21

8 123 15 214 Ι
59 170 158 198 cum
186 151 479 210 magnitudine
510 153 600 193 BA
637 151 737 193 data
775 152 857 205 est3
901 151 997 192 tota
1028 147 1143 190 enim
1173 148 1263 188 AE
1299 145 1401 186 data

7 218 14 278 ,Ι
59 228 136 268 est.
186 238 286 280 ergo
317 222 569 279 magnitudo
595 224 678 263 BA
710 236 806 264 eum
839 219 1046 276 sequenti,
1077 218 1130 260 ad
1162 232 1290 272 quam
1315 217 1407 258 ΒΓ

5 293 10 406 f
58 295 269 339 rationem
297 293 430 336 habet
460 293 618 349 datam,
649 293 750 334 data
781 295 856 335 est.

4 409 6 429 l

4 430 7 458 t
687 421 761 464 XI.

146 506 193 550 Si
230 506 502 563 magnitudo,
544 507 794 560 comparata
831 518 928 546 cum
967 502 1052 545 alia
1089 501 1401 559 magnitudine,

57 578 158 621 data
187 577 325 620 maior
361 579 427 619 est
464 590 591 631 quam
627 576 674 617 in
704 575 890 630 ratione,
928 574 1095 630 eadem,
1131 573 1263 616 etiam
1302 588 1401 615 eum

0 681 3 709 ἓ
56 652 238 704 utraque
276 647 403 690 simul
439 650 703 703 comparata,
748 646 850 688 data
886 645 1024 688 maior
1067 644 1149 687 erit
1187 659 1316 699 quam
1352 643 1400 685 in

0 711 3 775 Ι
57 719 242 774 ratione3
285 721 328 761 et
363 718 400 761 si
431 719 596 775 eadem,
632 733 729 761 eum
761 720 943 772 utraque
976 716 1105 759 simul
1137 717 1401 771 comparata,

0 786 1 845 J
57 790 158 832 data
187 789 324 832 maior
355 789 436 832 erit
467 805 593 845 quam
632 790 678 831 in
708 788 902 845 ratione‚‘
933 788 1099 843 eadem,
1136 786 1267 829 etiam
1299 800 1400 828 eum

0 855 1 868 ³
55 860 219 915 reliqua
249 863 508 916 comparata,
538 861 638 902 data
667 860 805 902 maior
837 858 918 901 erit
950 873 1079 914 quam
1109 858 1155 899 in
1186 856 1369 899 ratione.

143 931 396 987 magnitudo
428 931 542 974 enim
568 933 667 986 AB,
698 933 948 986 comparata
978 944 1076 972 cum
1101 928 1401 986 magnitudine
1474 939 1491 957 ⁸

54 1004 93 1044 Β
102 1004 149 1058 Γ,
180 1002 279 1044 data
304 1003 441 1045 maior
467 1002 524 1044 sit
549 1017 678 1057 quam
702 1002 748 1043 in
773 1001 953 1043 ratione.
1003 1000 1097 1042 dieo
1130 1015 1237 1056 eam,
1267 999 1400 1042 etiam

57 1086 155 1115 cum
191 1076 234 1114 A
242 1074 284 1114 Γ
315 1074 625 1128 comparatam,
668 1072 769 1114 data
808 1072 1015 1114 maiorem
1054 1085 1147 1113 esse
1189 1085 1317 1126 quam
1353 1070 1401 1112 in

57 1142 235 1185 ratione.

144 1228 245 1255 nam
295 1214 497 1269 quoniam
544 1213 798 1270 magnitudo
838 1215 929 1255 AB
939 1248 952 1270 ‚
1003 1216 1251 1268 comparata
1301 1227 1400 1255 cum

56 1283 351 1339 magnitudine
388 1287 426 1326 Β
435 1286 483 1340 Γ,
527 1284 627 1326 data
669 1284 807 1326 maior
850 1287 917 1326 est
960 1298 1088 1339 quam
1130 1283 1178 1325 in
1219 1283 1402 1340 ratione,

829 1385 863 1417 Γ
921 1355 1142 1397 auferatur
1180 1354 1281 1396 data
1314 1369 1402 1396 ma-

833 1431 838 1454 ⁹
918 1426 1098 1482 gnitudo
1133 1429 1236 1468 AA.
1304 1425 1402 1468 reli-

58 1510 166 1550 quae
189 1496 325 1552 igitur
348 1499 436 1538 AB
462 1497 515 1538 ad
539 1498 628 1538 ΒΓ
645 1496 758 1539 ratio
785 1497 886 1540 data
911 1500 977 1539 est
1003 1496 1102 1552 [def.
1125 1496 1210 1552 11].
1250 1512 1272 1539 e
1298 1512 1400 1540 con-

55 1567 189 1609 trario
209 1571 252 1610 et
272 1568 564 1624 componendo
583 1568 695 1610 ratio
717 1569 797 1610 ΓΔ
810 1584 819 1610 :
832 1571 920 1610 AB
945 1569 1046 1610 data
1064 1571 1130 1610 est
1150 1568 1288 1624 [prop.
1302 1567 1399 1623 VI].

55 1637 202 1680 eadem
227 1641 354 1693 atque
378 1637 454 1680 issa
473 1638 550 1680 fiat
568 1639 681 1681 ratio
700 1643 743 1681 A
749 1643 794 1681 A
806 1655 815 1681 :
829 1643 873 1681 A
880 1642 929 1681 Ε.
966 1627 1114 1694 itaque
1134 1639 1267 1681 etiam
1286 1639 1400 1681 ratio

54 1711 141 1750 AA
160 1724 168 1749 :
188 1711 278 1750 AE
312 1709 412 1751 data
447 1712 513 1751 est
552 1709 651 1765 [def.
682 1709 743 1765 2].
810 1711 911 1752 data
948 1713 1015 1752 est
1052 1713 1197 1752 autem
1235 1710 1402 1767 magni-
1445 1718 1448 1721 ’

54 1779 159 1820 tudo
178 1782 275 1821 AA.
325 1794 454 1834 quare
480 1780 613 1823 etiam
631 1784 723 1822 ΔΕ
752 1781 854 1823 data
879 1783 945 1823 est
972 1781 1111 1836 [prop.
1131 1780 1207 1836 11].
1250 1781 1401 1836 itaque

56 1848 187 1891 etiam
228 1849 393 1905 reliqua
428 1854 517 1892 EA
561 1851 661 1893 data
698 1854 764 1893 est
802 1851 942 1906 [prop.
979 1851 1074 1906 IV]
1144 1855 1209 1894 est
1253 1855 1398 1894 autem

55 1918 188 1961 etiam
229 1920 339 1962 ratio
381 1922 517 1964 totius
561 1922 873 1979 magnitudinis
911 1924 1004 1964 ΑΓ
1041 1922 1093 1964 ad
1137 1925 1278 1965 totam
1314 1926 1400 1966 ΕΒ

54 1989 157 2032 data
184 1989 254 2046 [V,
276 1991 348 2047 123
373 1992 451 2034 def.
472 1992 532 2048 2].
574 1993 722 2051 itaque
748 1994 879 2035 etiam
904 1994 1016 2035 ratio
1043 1996 1126 2035 ΕΒ
1147 2010 1156 2035 :
1175 1996 1272 2036 ΛΓ
1298 1995 1401 2036 data

54 2063 131 2103 est.
155 2062 161 2068 ’
182 2064 225 2103 et
250 2061 349 2104 data
373 2066 438 2105 est
462 2063 716 2120 magnitudo
742 2067 842 2106 AE.
893 2078 995 2121 ergo
1022 2065 1276 2121 magnitudo
1303 2069 1400 2121 BA,

52 2135 304 2186 comparata
328 2147 424 2175 cum
448 2134 745 2191 magnitudine
764 2136 864 2191 ΑΓ,
889 2135 990 2178 data
1014 2136 1153 2178 maior
1177 2139 1244 2178 est
1268 2150 1399 2192 quam

55 2200 103 2243 in
130 2202 298 2245 ratione
331 2203 428 2258 [def.
457 2204 543 2260 11].

142 2273 229 2316 iam
260 2288 363 2337 uero
395 2276 647 2332 magnitudo
678 2280 784 2333 BA,
822 2281 1071 2334 comparata
1105 2293 1203 2321 cum
1234 2279 1400 2335 magni—

55 1384 682 1453 ςἘᾳε
