1520 2508
148 116 232 157 136
673 117 939 151 AEAOMENA.

147 208 194 252 δὲ
224 211 299 260 τὰς
323 211 431 265 πρὸς
454 218 545 260 τοῖς
569 214 623 265 Α,
644 215 687 252 Δ
718 211 766 252 αἱ
785 210 966 267 πλευραὶ
990 212 1098 267 πρὸς
1123 211 1307 265 ἀλλήλας
1331 213 1464 265 λόγον
1486 178 1520 270 ΞΓ

146 281 292 334 ἔχουσι
324 279 571 334 δεδομένον,
601 279 674 322 καὶ
704 281 756 321 τὰ
779 283 1200 336 παραλληλόγραμμα
1225 283 1356 334 λόγον
1380 279 1462 331 ἕξει
1490 271 1520 328 3

147 348 381 404 δεδομένον
410 350 522 405 πρὸς,
548 351 726 403 ἄλληλα·
770 352 896 404 λόγος
927 352 1009 406 ἄρα
1040 357 1117 392 τοῦ
1148 353 1247 392 ΑΗ
1277 352 1384 406 πρὸς
1413 351 1461 393 τὸ
1488 352 1492 354 ’

82 422 86 426 “
145 422 233 460 ΔΖ
270 420 429 469 δοθειᾝς
489 422 565 461 καί
599 419 686 461 ἐστι
723 426 800 461 τοῦ
837 418 915 474 μὲν
946 423 1045 461 ΑΗ
1080 421 1212 474 ἥμισυ
1248 422 1295 462 τὸ
1333 422 1472 461 ΑΒΓ

80 913 123 945 10

146 504 375 544 τριγωνον,
405 495 482 530 τοῦ
514 487 561 531 δὲ
591 492 677 530 ΛΖ
707 490 755 531 τὸ
780 493 930 531 ΛΕΘ·
963 492 1089 543 λόγος
1119 491 1202 545 ἄρα
1231 496 1309 531 τοῦ
1335 465 1504 564 ABP{

146 558 254 614 πρὸς
284 559 331 600 τὸ
362 561 497 600 ΔΕΘ
527 562 740 614 τρίγωνον
771 560 928 608 δοθείς.
1497 574 1503 585 *

769 685 852 740 οβ’.

233 765 332 808 Ἐὰν
363 768 443 808 δύο
474 768 698 822 τριγώνων
729 768 842 809 αἵτε
866 768 1011 821 βάσεις
1037 767 1083 809 ἐν
1109 767 1464 824 δεδομένωλόγφ
1503 763 1505 765 ’

69 859 72 862 ’
148 833 227 878 ὦσι
263 835 335 877 καὶ
372 837 420 878 αἱ
455 835 519 878 ἐπ’
554 837 685 886 αὐτὰς
721 836 901 891 ἠγμέναι
939 837 1021 879 ἀπὸ
1052 844 1138 878 τῶν
1170 844 1341 890 γωνιῶν
1371 837 1466 890 ἤτοι

150 909 244 955 ἴσας
269 908 428 958 γωνίας
451 912 653 948 ποιοῦσαι
678 906 704 960 ἢ
730 905 908 956 ἀνίσους
931 906 1020 962 μέν,
1052 905 1282 961 δεδομένας
1307 905 1367 960 δέ,
1392 907 1468 955 τὰς

147 976 256 1030 πρὸς
286 983 379 1025 ταῖς
409 976 600 1030 βάσεσιν,
630 974 702 1017 καὶ
733 977 842 1018 αὐτὰ
872 977 923 1017 τὰ
953 978 1142 1031 τρίγωνα
1171 977 1278 1032 πρὸς
1303 977 1467 1029 ἄλληλα

149 1046 281 1098 λόγον
310 1039 392 1095 ἕξει
423 1045 669 1100 δεδομένον.

237 1116 343 1155 ἔστω
381 1115 461 1156 δύο
492 1117 682 1170 τρίγωνα
717 1115 769 1156 τὰ
799 1117 942 1168 ΑΒΓ,
966 1118 1115 1169 ΔΕΖ,
1151 1114 1222 1157 καὶ
1258 1116 1467 1169 ἤχθωσαν
1511 1126 1513 1130 ‘

83 1213 86 1215 >
150 1184 198 1225 αἱ
225 1187 331 1237 ΑΗ,
356 1188 399 1225 Δ
409 1182 446 1225 Θ
480 1185 575 1238 ἤτοι
608 1189 702 1234 ἴσας
732 1187 892 1238 γωνιάς
921 1191 1123 1226 ποιοῦσαι
1160 1186 1235 1235 τὰς
1264 1185 1348 1227 ὑπὸ
1379 1192 1467 1226 τῶν

81 1260 124 1292 15

150 1255 300 1308 ΑΗΓ,
326 1258 369 1295 Δ
378 1257 459 1295 ΘΖ
495 1253 521 1308 ἢ
553 1254 730 1303 ἀνίσους
759 1253 856 1309 μέν,
894 1254 1126 1309 δεδομένας
1157 1253 1223 1308 δέ,
1259 1253 1330 1296 καὶ
1361 1256 1467 1296 ἔστω

151 1325 278 1377 λόγος
308 1329 383 1378 τῆς
413 1321 492 1378 μὲν
516 1326 604 1365 ΒΓ
627 1325 734 1379 πρὸς
758 1327 839 1365 ΕΖ
871 1325 1031 1377 δοθείς,
1062 1330 1136 1378 τῆς
1167 1322 1215 1365 δὲ
1240 1327 1338 1367 AH
1362 1325 1476 1379 ambs·-

123 1394 230 1447 ’.τὴν
259 1397 303 1434 Δ
313 1396 350 1434 Θ
387 1394 552 1460 δοθείς·
595 1393 723 1448 λέγω,
760 1394 825 1436 ὅτι
860 1393 931 1436 καὶ
967 1399 1045 1435 τοῦ
1081 1396 1218 1435 ΑΒΓ
1253 1394 1468 1449 τριγώνου
1514 1416 1520 1450 4

82 1610 127 1642 20

150 1463 259 1518 πρὸς
289 1463 337 1504 τὸ
368 1466 500 1504 ΔΕΖ
532 1466 747 1518 τρίγωνον
778 1466 904 1517 λόγος
935 1462 1023 1505 ἐστὶ
1055 1465 1214 1513 δοθείς.
1516 1491 1520 1518 5

239 1534 625 1589 συμπεπληρώσθω
646 1534 727 1588 γὰρ’
746 1534 797 1575 τὰ
816 1535 913 1587 ΚΓ,
929 1536 1012 1575 ΛΖ
1036 1535 1470 1589 παραλληλόγραμμα.
1503 1567 1520 1575 .

238 1601 310 1643 καὶ
341 1601 430 1644 ἐπεὶ
461 1603 509 1644 αι’
529 1602 614 1644 ὑπὸ
639 1609 726 1643 τῶν
751 1605 850 1643 ΛΗ
854 1604 901 1656 Γ,
920 1605 1052 1643 ΑΘΖ
1083 1604 1236 1655 γωνίαι
1260 1603 1354 1655 ἤτοι
1381 1606 1470 1643 ἴσαι
1517 1622 1520 1651 2

153 1673 282 1726 εἰσίν,
313 1671 339 1725 ἢ
371 1672 514 1713 ἄνισοι
544 1671 641 1726 μέν,
672 1671 897 1726 δεδομέναι
935 1671 1006 1727 δέ,
1039 1676 1108 1725 ἴση
1143 1669 1190 1713 δὲ
1220 1672 1245 1726 ἡ
1276 1669 1355 1726 μὲν
1383 1671 1470 1713 ὑπὸ
1518 1669 1520 1685 ³

127 1730 240 1790 ,τῶν
264 1743 407 1801 ΑΗΓ
430 1747 481 1796 τῇ
511 1740 596 1782 ὑπὸ
621 1743 762 1794 ΚΒΓ,
794 1741 819 1794 ἡ
851 1738 898 1782 δὲ
928 1741 1011 1783 ὑπὸ
1037 1749 1124 1782 τῶν
1147 1743 1279 1782 ΑΘΖ
1309 1748 1360 1796 τῇ
1385 1740 1470 1782 ὑπὸ

83 1958 127 1990 25

153 1818 240 1852 τῶν
271 1813 420 1864 ΛΕΖ,
462 1808 533 1851 καὶ
570 1811 618 1851 αἱ
649 1811 757 1865 πρὸς
792 1817 882 1859 τοῖς
911 1813 967 1863 Β,
993 1813 1033 1851 Ε
1067 1811 1149 1865 ἄρα
1186 1812 1339 1863 γωνίαι
1374 1811 1469 1863 ἤτοι
1518 1855 1520 1858 ,

155 1884 244 1922 ἴσαι
275 1879 386 1922 εἰσὶν
416 1879 442 1933 ἢ
473 1881 616 1922 ἄνισοι
647 1879 738 1934 μέν,
770 1879 996 1934 δεδομέναι
1028 1879 1085 1921 δέ.
1133 1878 1204 1922 καὶ
1230 1879 1318 1921 ἐπεὶ
1343 1882 1470 1933 λόγος
1516 1871 1519 1874 ⁴

154 1948 243 1992 ἐστὶ
273 1956 351 2004 τῆς
372 1952 471 1991 AH
494 1950 603 2008 πρὸς
631 1950 710 2004 τὴν
733 1952 822 1991 ΔΘ
852 1950 1014 2003 δοθείς,
1045 1953 1114 2003 ἴση
1146 1947 1193 1991 δὲ
1223 1949 1249 2003 ἡ
1274 1947 1352 2004 μὲν
1377 1951 1476 1990 AH

154 2025 205 2074 τῇ
236 2021 341 2073 ΚΒ,
383 2019 409 2074 ἡ
447 2017 494 2061 δὲ
524 2022 615 2061 ΔΘ
650 2026 700 2086 τῇ
738 2022 841 2073 ΛΕ,
883 2021 1010 2073 λόγος
1046 2021 1128 2073 ἄρα
1165 2018 1253 2061 ἐστὶ
1288 2017 1359 2060 καὶ
1395 2024 1471 2072 τῆς

201 2119 205 2123 Δ
248 2126 278 2157 1.
304 2121 383 2180 τάς]
410 2133 478 2157 om.
504 2122 538 2157 b
629 2126 660 2157 2.
684 2121 1056 2178 παραλληλόγραμμα]
1081 2119 1237 2166 τρίγωνα
1262 2132 1294 2156 v.
1379 2120 1471 2164 πρὸς

155 2168 289 2213 ἄλληλα
320 2168 429 2213 λόγον
461 2167 531 2210 ἕξει
560 2167 759 2212 δεδομένον
794 2168 829 2204 b.
935 2172 966 2203 4.
998 2171 1107 2202 ΑΒΓ
1127 2188 1170 2194 —-
1196 2171 1226 2202 5.
1252 2166 1307 2213 τό]
1339 2177 1407 2201 om.
1433 2165 1469 2202 b.

202 2218 310 2249 ΑΒΓ
328 2215 506 2260 τριγώνου
530 2215 564 2250 b.
645 2219 674 2250 6.
700 2214 756 2261 τό]
783 2226 850 2249 om.
864 2214 898 2250 b.
978 2218 1008 2249 8.
1034 2213 1157 2261 βάσεις
1180 2214 1300 2249 αὐτῶν
1324 2213 1358 2248 b.
1437 2215 1468 2247 9.

156 2258 243 2296 ὦσιν
269 2273 301 2296 v.
403 2261 457 2307 αἱ]
485 2272 594 2306 supra
619 2261 701 2296 add.
728 2273 773 2295 m.
801 2265 820 2295 2
846 2273 885 2305 v,
912 2271 979 2296 om.
997 2261 1030 2295 b.
1135 2261 1223 2295 Post
1247 2258 1360 2300 αὐτάς
1383 2258 1468 2293 hab.

156 2307 219 2343 διὰ
255 2308 295 2343 τὸ
333 2308 372 2343 ἐκ
409 2313 536 2343 κοινοῦ
568 2307 675 2352 λόγον
709 2307 828 2353 ἔχουσι
858 2306 1057 2352 δεδομένον
1090 2307 1124 2342 b.
1243 2305 1332 2352 ἀπό]
1364 2305 1403 2340 ἐκ
1433 2305 1470 2340 b.
