1520 2508
172 78 321 114 XLVIII
655 84 1015 122 PROLEGOMENA.

173 172 331 207 διελόντι
357 184 379 208 a
401 174 547 209 Theone
573 175 748 211 omissum
773 187 852 212 esse
870 180 1002 224 potest,
1027 193 1061 225 p.
1077 184 1154 225 170,
1170 185 1212 216 18
1237 183 1300 217 καὶ
1319 184 1493 221 συνθέντι

173 223 246 267 ἄρα
270 236 345 259 non
369 228 500 270 potest.
538 239 572 272 p.
589 231 666 272 182,
682 232 742 272 133
764 233 842 274 218,
859 234 880 264 2
906 229 991 266 ἐπεί
1010 232 1150 267 Theoni
1168 234 1251 279 ipsi,
1275 235 1348 270 nisi
1372 235 1492 283 fallor,

173 275 380 322 displicuit,
411 290 445 323 p.
472 283 528 323 80,
555 283 575 314 8
601 279 747 315 librarii
774 281 883 327 culpa
906 282 1103 319 intercidit.
1151 298 1186 330 p.
1212 290 1290 331 210,
1316 291 1337 322 9
1368 288 1495 324 Theon

171 330 334 374 respexit
352 330 400 365 ad
417 343 452 375 p.
465 334 593 376 208,9;
618 333 774 367 eundem
792 336 881 378 puto
899 347 934 380 p.
948 339 1024 380 138,
1037 340 1081 371 24
1099 337 1287 383 πρότερον,
1311 352 1346 384 p.
1359 344 1436 385 148,
1449 345 1493 377 18

171 380 282 416 πάλιν
303 382 493 427 delenisse,
512 383 602 418 item
619 396 652 428 p.
670 388 724 429 70,
740 389 781 419 11
803 388 878 431 ι”σης
903 387 948 422 de
966 400 999 432 p.
1013 392 1090 433 154,
1107 393 1166 433 16;
1193 394 1270 435 182,
1285 394 1346 435 20;
1366 396 1444 438 230,
1460 397 1492 439 2,

171 434 236 468 ubi
254 433 352 468 idem
372 434 598 470 adiectiuum
616 436 656 471 in
668 437 866 473 Theoninis
885 439 1060 474 omissum
1078 443 1144 484 est,
1165 441 1302 477 dubito.
1329 455 1363 488 p.
1379 447 1433 489 64,
1448 449 1492 479 13

172 484 345 520 librarius
370 486 550 531 peccauit,
575 487 639 531 qui
662 501 696 533 p.
718 493 773 534 24,
794 494 836 525 22
863 490 928 535 ὅτι,
955 504 990 536 p.
1005 496 1060 536 48,
1076 497 1094 527 1
1116 492 1215 537 ἔστω,
1239 506 1274 539 p.
1289 498 1368 539 162,
1388 500 1408 530 2
1434 497 1491 540 ὡς,

169 550 204 582 p.
229 541 306 582 162,
333 542 376 572 23
405 538 588 583 ἀνάλογον
619 540 751 576 omisit.
801 553 918 587 neque
948 555 1034 579 uero
1066 544 1261 589 quisquam
1291 559 1326 592 p.
1346 551 1422 592 156,
1448 552 1491 583 15

171 591 209 623 et
231 602 267 635 p.
283 593 360 634 116,
381 594 412 635 9,
438 593 629 636 praeterea
652 606 686 638 p.
703 597 780 639 158,
801 599 855 640 25,
874 600 936 640 263
963 601 1039 642 160,
1056 602 1073 632 1
1101 598 1246 644 culpam
1271 600 1435 635 conferat
1452 601 1492 635 in

170 641 365 678 Theonem.
435 643 597 688 reliquas
634 646 938 693 intermissiones,
974 661 1019 684 ne
1055 649 1186 696 longus
1225 651 1310 696 sim,
1348 653 1491 688 adferre

170 694 400 739 supersedeo.

262 752 431 787 Uidimus
463 754 647 790 Theonem
678 755 717 790 in
747 758 978 793 recensendis
1009 759 1173 795 Euclidis
1205 761 1327 796 uerbis
1360 774 1491 808 parum

170 806 382 840 constanter
402 817 440 840 se
459 806 632 851 gessisse;
658 809 788 844 eadem
806 809 1056 846 inconstantia
1074 811 1132 847 his
1151 824 1296 858 quoque
1315 815 1490 860 exemplis

167 856 392 893 illustratur:
411 870 446 903 p.
460 862 518 903 48,
534 863 577 893 14
597 860 645 904 μή
665 861 812 896 addidit
828 863 1053 908 prospiciens
1066 865 1223 900 fortasse
1243 866 1291 900 ad
1308 879 1343 911 p.
1357 869 1413 911 48,
1428 871 1490 912 253

169 914 225 954 50,
242 914 301 954 18;
333 923 367 956 p.
381 915 438 955 48,
453 913 511 957 3¹)
535 923 609 947 non
635 914 839 948 addiderat.
888 927 922 960 p.
939 920 1016 960 102,
1033 920 1075 950 13
1099 921 1147 963 τῷ
1172 917 1322 962 μεγέθει
1348 919 1490 955 deside—

168 962 283 1007 rauit,
319 975 354 1008 p.
376 967 453 1008 104,
475 968 516 998 11
543 975 616 999 non
641 966 796 1001 addidit.
846 979 880 1011 p.
903 971 979 1012 116,
1000 971 1020 1002 3
1044 974 1116 1003 τῶν
1140 973 1305 1014 πλευρῶν
1329 971 1490 1006 mutauit

167 1015 207 1049 in
231 1020 295 1059 τῆς
318 1018 492 1060 animosas-3
517 1016 556 1050 in
581 1017 720 1052 ecthesi
743 1018 837 1052 illud
861 1019 1021 1063 reliquit.
1069 1033 1102 1066 p.
1126 1025 1202 1067 120,
1223 1026 1243 1056 6
1267 1022 1430 1058 τουτέστι
1453 1023 1489 1058 ei

167 1067 372 1112 displicuit,
405 1068 475 1103 etsi
505 1081 539 1114 p.
562 1073 638 1113 118,
666 1074 683 1104 1
710 1069 804 1104 nihil
840 1082 923 1105 eum
953 1071 1165 1108 offenderat.
1213 1086 1247 1119 p.
1270 1079 1347 1120 146,
1373 1078 1415 1109 12
1448 1075 1488 1110 έν

165 1119 349 1165 repetiuit,
375 1131 449 1155 non
473 1121 696 1166 repetiuerat
718 1135 752 1167 p.
775 1126 852 1167 142,
874 1127 904 1158 7.

261 1177 363 1220 Quae
388 1190 470 1213 cum
495 1179 550 1214 ita
575 1179 659 1223 sint,
685 1179 870 1216 Theonem
895 1182 1050 1227 adparet
1073 1183 1112 1218 in
1130 1184 1235 1219 Datis
1257 1185 1487 1220 recensendis

166 1241 240 1264 non
269 1230 388 1275 magis
420 1242 532 1275 quam
562 1231 601 1266 in
624 1232 826 1267 Elementis
854 1234 1005 1270 edendis
1016 1235 1042 1280 ²)
1067 1236 1106 1270 id
1131 1238 1296 1272 secutum
1320 1248 1415 1282 esse,
1447 1239 1489 1273 ut

167 1293 211 1316 ex
235 1282 384 1327 optimis
410 1283 616 1328 quibusque
641 1284 746 1319 libris
770 1296 882 1320 manu
907 1286 1053 1331 scriptis
1083 1288 1180 1323 hunc
1210 1288 1345 1323 librum
1374 1289 1489 1324 talem

166 1335 306 1379 ederet,
343 1335 464 1379 qualis
496 1336 543 1370 ab
568 1336 721 1371 Euclide
753 1337 910 1383 scriptus
942 1341 1055 1383 esset,
1092 1351 1159 1375 nec
1190 1340 1391 1385 quidquam
1416 1341 1488 1376 sibi

164 1387 414 1432 proposuisse,
451 1387 524 1422 nisi
555 1390 597 1422 ut
628 1399 767 1434 eorum,
803 1390 866 1434 qui
890 1389 1152 1436 Alexandriae,
1183 1391 1247 1426 ubi
1272 1392 1385 1427 etiam
1407 1395 1488 1428 tum

166 1439 290 1474 studia
314 1440 579 1476 mathematica
603 1441 797 1487 uigebant,
830 1441 1047 1486 disciplinae
1072 1453 1159 1478 suae
1185 1454 1223 1478 se
1249 1443 1487 1489 dedidissent,

164 1491 357 1526 desideriis
389 1503 432 1527 ac
464 1493 596 1528 studiis
629 1494 868 1529 satisfaceret.
918 1504 1071 1538 cumque
1095 1494 1170 1540 illi,
1199 1495 1413 1540 priusquam
1439 1496 1487 1531 ad

163 1542 261 1578 Data
290 1544 612 1590 progrederentur,
649 1546 841 1581 Elementa
871 1547 1158 1591 pertractassent
1187 1546 1227 1582 in
1249 1547 1486 1582 mathemati-

162 1606 278 1640 caque
303 1595 450 1642 longius
475 1597 749 1642 processissent,
773 1609 846 1632 non
870 1600 936 1643 est,
962 1599 1060 1643 quod
1078 1599 1261 1644 miremur,
1288 1599 1484 1646 Theonem,

163 1648 228 1693 qui
252 1648 402 1693 quidem
425 1649 463 1683 in
487 1648 687 1684 Elementis
714 1660 774 1694 ea,
806 1661 900 1695 quae
931 1651 978 1685 ab
1003 1651 1156 1686 Euclide
1187 1651 1335 1686 breuius
1360 1652 1484 1698 expla-

162 1702 253 1735 nata
280 1702 375 1745 sunt,
401 1701 546 1746 explere
572 1703 610 1737 et
634 1713 769 1748 augere
794 1702 921 1746 soleat,
947 1702 985 1737 in
1001 1703 1106 1738 Datis
1127 1703 1216 1738 satis
1237 1714 1346 1749 saepe
1364 1703 1485 1739 breui-

163 1755 281 1788 tatem
316 1754 505 1798 quandam
535 1755 759 1799 adfectasse,
796 1754 850 1789 ita
884 1756 926 1789 ut
954 1754 1061 1800 plura
1097 1755 1144 1790 ab
1175 1766 1218 1790 eo
1249 1756 1385 1791 omissa
1421 1757 1486 1791 aut

162 1816 290 1851 pressa
320 1817 431 1850 quam
463 1806 610 1842 adiecta
640 1809 705 1841 aut
736 1806 895 1842 dilatata
925 1818 1003 1842 esse
1031 1807 1236 1843 uideantur.
1286 1819 1361 1852 qua
1383 1807 1422 1842 in
1446 1819 1484 1844 re

163 1858 234 1892 etsi
258 1857 374 1893 nimia
396 1857 550 1894 licentia
568 1860 737 1894 uersatus
758 1860 823 1903 est,
848 1860 973 1894 tamen
992 1859 1121 1904 negari
1139 1859 1277 1904 nequit,
1303 1859 1484 1895 recensio-

163 1921 247 1944 nem
272 1910 350 1945 eius
374 1910 481 1946 nobis
513 1911 603 1946 satis
628 1910 758 1946 utilem
782 1922 879 1956 esse,
907 1912 1124 1957 praesertim
1154 1923 1236 1946 curn
1259 1922 1333 1946 non
1356 1912 1483 1957 paucis

162 1961 254 1996 locis
289 1973 378 1997 uera
414 1974 458 1998 ac
488 1963 650 2008 genuina
679 1963 793 1998 uerba
824 1963 987 1998 Euclidis
1021 1975 1103 1999 eum
1133 1974 1299 1999 seruasse
1330 1965 1483 1999 constet.

162 2014 305 2049 utinam
336 2015 542 2061 contingat,
580 2017 622 2050 ut
651 2027 762 2060 quam
791 2015 954 2061 proxime
983 2027 1076 2050 unus
1107 2015 1247 2050 alterue
1279 2015 1392 2050 codex
1425 2026 1482 2050 re-

256 2173 289 2215 1)
314 2184 348 2216 p.
368 2175 429 2216 46,
451 2175 493 2206 19
520 2172 679 2207 δυνατόν
703 2183 769 2218 pro
794 2172 842 2217 μή
867 2172 1017 2207 librario
1043 2172 1216 2216 debetur3
1247 2171 1373 2206 Theon
1396 2172 1482 2216 post

161 2216 322 2253 δυνατόν
347 2218 554 2263 scripsisset
578 2217 837 2264 μεταπιπτέτω.

255 2266 289 2309 2)
314 2264 356 2299 U.
383 2265 454 2299 uol.
475 2265 507 2300 v
531 2278 565 2310 p.
585 2265 722 2300 LXXV.
