<?xml version="1.0" encoding="UTF-8"?>
<!DOCTYPE html PUBLIC "-//W3C//DTD XHTML 1.0 Transitional//EN"
    "http://www.w3.org/TR/xhtml1/DTD/xhtml1-transitional.dtd">
<html xmlns="http://www.w3.org/1999/xhtml" xml:lang="en" lang="en">
 <head>
  <title>
</title>
<meta http-equiv="Content-Type" content="text/html;charset=utf-8" />
  <meta name='ocr-system' content='tesseract 3.04.00' />
  <meta name='ocr-capabilities' content='ocr_page ocr_carea ocr_par ocr_line ocrx_word'/>
</head>
<body>
  <div class='ocr_page' id='page_1' title='image "./euclidisoperaomn06eucluoft_0135.png"; bbox 0 0 1520 2508; ppageno 0'>
   <div class='ocr_carea' id='block_1_1' title="bbox 0 2035 12 2508">
    <p class='ocr_par' dir='ltr' id='par_1_1' title="bbox 0 2035 12 2508">
     <span class='ocr_line' id='line_1_1' title="bbox 0 2035 12 2508; baseline 0 0"><span class='ocrx_word' id='word_1_1' title='bbox 0 2035 12 2508; x_wconf 95' lang='lat' dir='ltr'> </span> 
     </span>
    </p>
   </div>
   <div class='ocr_carea' id='block_1_2' title="bbox 12 0 56 117">
    <p class='ocr_par' dir='ltr' id='par_1_2' title="bbox 12 0 56 117">
     <span class='ocr_line' id='line_1_2' title="bbox 12 0 56 117; textangle 90"><span class='ocrx_word' id='word_1_2' title='bbox 12 0 56 117; x_wconf 37' lang='lat' dir='ltr'>2ffiuffi</span> 
     </span>
    </p>
   </div>
   <div class='ocr_carea' id='block_1_3' title="bbox 670 93 1418 136">
    <p class='ocr_par' dir='ltr' id='par_1_3' title="bbox 670 93 1418 136">
     <span class='ocr_line' id='line_1_3' title="bbox 670 93 1418 136; baseline 0 0"><span class='ocrx_word' id='word_1_3' title='bbox 670 102 810 136; x_wconf 85' lang='lat' dir='ltr'>DATA.</span> <span class='ocrx_word' id='word_1_4' title='bbox 1361 93 1418 136; x_wconf 90' lang='grc'>69</span> 
     </span>
    </p>
   </div>
   <div class='ocr_carea' id='block_1_4' title="bbox 71 191 1429 1461">
    <p class='ocr_par' dir='ltr' id='par_1_4' title="bbox 71 191 1429 1461">
     <span class='ocr_line' id='line_1_4' title="bbox 158 191 1422 260; baseline -0.011 -14"><span class='ocrx_word' id='word_1_5' title='bbox 158 205 344 260; x_wconf 86' lang='lat' dir='ltr'>ponatur</span> <span class='ocrx_word' id='word_1_6' title='bbox 375 200 490 243; x_wconf 90' lang='lat' dir='ltr'>enim</span> <span class='ocrx_word' id='word_1_7' title='bbox 520 203 638 242; x_wconf 83' lang='lat' dir='ltr'>recta</span> <span class='ocrx_word' id='word_1_8' title='bbox 668 196 886 253; x_wconf 90' lang='lat' dir='ltr'>positione</span> <span class='ocrx_word' id='word_1_9' title='bbox 918 196 1017 237; x_wconf 82' lang='lat' dir='ltr'>data</span> <span class='ocrx_word' id='word_1_10' title='bbox 1043 196 1159 249; x_wconf 84' lang='lat' dir='ltr'>AM,</span> <span class='ocrx_word' id='word_1_11' title='bbox 1189 191 1422 234; x_wconf 87' lang='lat' dir='ltr'>terminata</span> 
     </span>
     <span class='ocr_line' id='line_1_5' title="bbox 71 265 1422 331; baseline -0.011 -13"><span class='ocrx_word' id='word_1_12' title='bbox 71 277 118 318; x_wconf 86' lang='lat' dir='ltr'>in</span> <span class='ocrx_word' id='word_1_13' title='bbox 162 276 323 331; x_wconf 85' lang='lat' dir='ltr'>puncto</span> <span class='ocrx_word' id='word_1_14' title='bbox 367 276 428 328; x_wconf 84' lang='lat' dir='ltr'>A,</span> <span class='ocrx_word' id='word_1_15' title='bbox 477 273 667 313; x_wconf 82' lang='lat' dir='ltr'>ceterum</span> <span class='ocrx_word' id='word_1_16' title='bbox 717 270 862 309; x_wconf 86' lang='lat' dir='ltr'>autem</span> <span class='ocrx_word' id='word_1_17' title='bbox 904 265 1093 319; x_wconf 84' lang='lat' dir='ltr'>infinita,</span> <span class='ocrx_word' id='word_1_18' title='bbox 1143 266 1187 306; x_wconf 89' lang='lat' dir='ltr'>et</span> <span class='ocrx_word' id='word_1_19' title='bbox 1234 265 1422 319; x_wconf 81' lang='lat' dir='ltr'>ponatur</span> 
     </span>
     <span class='ocr_line' id='line_1_6' title="bbox 74 334 1424 393; baseline -0.011 -4"><span class='ocrx_word' id='word_1_20' title='bbox 74 349 165 390; x_wconf 89' lang='grc' dir='ltr'>ΛΕ</span> <span class='ocrx_word' id='word_1_21' title='bbox 181 365 235 380; x_wconf 88' lang='grc'>---</span> <span class='ocrx_word' id='word_1_22' title='bbox 256 346 354 386; x_wconf 86' lang='grc' dir='ltr'>ΑΒ.</span> <span class='ocrx_word' id='word_1_23' title='bbox 405 342 479 385; x_wconf 89' lang='lat' dir='ltr'>sed</span> <span class='ocrx_word' id='word_1_24' title='bbox 511 342 611 384; x_wconf 87' lang='lat' dir='ltr'>data</span> <span class='ocrx_word' id='word_1_25' title='bbox 642 343 708 382; x_wconf 90' lang='lat' dir='ltr'>est</span> <span class='ocrx_word' id='word_1_26' title='bbox 734 342 833 381; x_wconf 91' lang='lat' dir='ltr'>AB.</span> <span class='ocrx_word' id='word_1_27' title='bbox 884 352 1014 393; x_wconf 89' lang='lat' dir='ltr'>quare</span> <span class='ocrx_word' id='word_1_28' title='bbox 1044 335 1175 378; x_wconf 87' lang='lat' dir='ltr'>etiam</span> <span class='ocrx_word' id='word_1_29' title='bbox 1201 337 1294 376; x_wconf 91' lang='grc' dir='ltr'>ΔΕ</span> <span class='ocrx_word' id='word_1_30' title='bbox 1322 334 1424 375; x_wconf 86' lang='grc'>(1313</span> 
     </span>
     <span class='ocr_line' id='line_1_7' title="bbox 920 405 1423 463; baseline -0.012 -12"><span class='ocrx_word' id='word_1_31' title='bbox 920 411 987 451; x_wconf 87' lang='lat' dir='ltr'>est</span> <span class='ocrx_word' id='word_1_32' title='bbox 1025 407 1124 463; x_wconf 89' lang='lat' dir='ltr'>[def.</span> <span class='ocrx_word' id='word_1_33' title='bbox 1155 405 1212 461; x_wconf 84' lang='lat'>1].</span> <span class='ocrx_word' id='word_1_34' title='bbox 1271 419 1423 446; x_wconf 86' lang='lat' dir='ltr'>uerum</span> 
     </span>
     <span class='ocr_line' id='line_1_8' title="bbox 917 476 1423 533; baseline -0.01 -12"><span class='ocrx_word' id='word_1_35' title='bbox 917 478 1048 521; x_wconf 86' lang='lat' dir='ltr'>etiam</span> <span class='ocrx_word' id='word_1_36' title='bbox 1073 476 1290 533; x_wconf 74' lang='lat' dir='ltr'>positione</span> <span class='ocrx_word' id='word_1_37' title='bbox 1323 476 1423 517; x_wconf 88' lang='lat' dir='ltr'>data</span> 
     </span>
     <span class='ocr_line' id='line_1_9' title="bbox 917 549 1424 602; baseline -0.008 -10"><span class='ocrx_word' id='word_1_38' title='bbox 917 553 995 592; x_wconf 88' lang='lat' dir='ltr'>est.</span> <span class='ocrx_word' id='word_1_39' title='bbox 1009 552 1053 591; x_wconf 90' lang='lat' dir='ltr'>et</span> <span class='ocrx_word' id='word_1_40' title='bbox 1061 549 1210 591; x_wconf 84' lang='lat' dir='ltr'>datum</span> <span class='ocrx_word' id='word_1_41' title='bbox 1217 550 1284 589; x_wconf 86' lang='lat' dir='ltr'>est</span> <span class='ocrx_word' id='word_1_42' title='bbox 1293 560 1424 602; x_wconf 86' lang='lat' dir='ltr'>punc-</span> 
     </span>
     <span class='ocr_line' id='line_1_10' title="bbox 918 617 1424 676; baseline -0.008 -13"><span class='ocrx_word' id='word_1_43' title='bbox 918 625 1012 663; x_wconf 89' lang='lat' dir='ltr'>tum</span> <span class='ocrx_word' id='word_1_44' title='bbox 1026 624 1088 676; x_wconf 79' lang='lat' dir='ltr'>A3</span> <span class='ocrx_word' id='word_1_45' title='bbox 1116 619 1264 674; x_wconf 84' lang='lat' dir='ltr'>itaque</span> <span class='ocrx_word' id='word_1_46' title='bbox 1291 617 1424 660; x_wconf 88' lang='lat' dir='ltr'>etiam</span> 
     </span>
     <span class='ocr_line' id='line_1_11' title="bbox 919 689 1422 744; baseline -0.01 -10"><span class='ocrx_word' id='word_1_47' title='bbox 919 695 960 734; x_wconf 92' lang='lat' dir='ltr'><em>E</em></span> <span class='ocrx_word' id='word_1_48' title='bbox 995 692 1144 733; x_wconf 88' lang='lat' dir='ltr'>datum</span> <span class='ocrx_word' id='word_1_49' title='bbox 1179 692 1245 732; x_wconf 86' lang='lat' dir='ltr'>est</span> <span class='ocrx_word' id='word_1_50' title='bbox 1283 689 1422 744; x_wconf 85' lang='lat' dir='ltr'>[prop.</span> 
     </span>
     <span class='ocr_line' id='line_1_12' title="bbox 918 761 1424 817; baseline -0.008 -13"><span class='ocrx_word' id='word_1_51' title='bbox 918 761 1125 817; x_wconf 85' lang='lat' dir='ltr'>XXVH].</span> <span class='ocrx_word' id='word_1_52' title='bbox 1236 763 1424 816; x_wconf 86' lang='lat' dir='ltr'>ponatur</span> 
     </span>
     <span class='ocr_line' id='line_1_13' title="bbox 918 831 1426 876; baseline -0.01 0"><span class='ocrx_word' id='word_1_53' title='bbox 918 836 1002 876; x_wconf 90' lang='lat' dir='ltr'>EZ</span> <span class='ocrx_word' id='word_1_54' title='bbox 1018 854 1071 868; x_wconf 92' lang='lat'>=</span> <span class='ocrx_word' id='word_1_55' title='bbox 1089 835 1181 875; x_wconf 81' lang='lat' dir='ltr'>BF.</span> <span class='ocrx_word' id='word_1_56' title='bbox 1227 832 1301 874; x_wconf 83' lang='lat' dir='ltr'>sed</span> <span class='ocrx_word' id='word_1_57' title='bbox 1325 831 1426 873; x_wconf 88' lang='lat' dir='ltr'>data</span> 
     </span>
     <span class='ocr_line' id='line_1_14' title="bbox 919 896 1423 959; baseline -0.006 -13"><span class='ocrx_word' id='word_1_58' title='bbox 919 907 986 946; x_wconf 86' lang='lat' dir='ltr'>est</span> <span class='ocrx_word' id='word_1_59' title='bbox 1006 905 1098 946; x_wconf 92' lang='grc' dir='ltr'>ΒΓ.</span> <span class='ocrx_word' id='word_1_60' title='bbox 1139 917 1271 959; x_wconf 87' lang='lat' dir='ltr'>quare</span> <span class='ocrx_word' id='word_1_61' title='bbox 1292 896 1423 945; x_wconf 89' lang='lat' dir='ltr'>etiam</span> 
     </span>
     <span class='ocr_line' id='line_1_15' title="bbox 919 972 1423 1029; baseline -0.01 -11"><span class='ocrx_word' id='word_1_62' title='bbox 919 979 961 1018; x_wconf 90' lang='lat' dir='ltr'><em>E</em></span> <span class='ocrx_word' id='word_1_63' title='bbox 970 978 1005 1017; x_wconf 95' lang='lat' dir='ltr'>Z</span> <span class='ocrx_word' id='word_1_64' title='bbox 1032 976 1131 1017; x_wconf 84' lang='lat' dir='ltr'>data</span> <span class='ocrx_word' id='word_1_65' title='bbox 1157 977 1224 1016; x_wconf 86' lang='lat' dir='ltr'>est</span> <span class='ocrx_word' id='word_1_66' title='bbox 1250 972 1423 1029; x_wconf 85' lang='lat' dir='ltr'>[def.1].</span> 
     </span>
     <span class='ocr_line' id='line_1_16' title="bbox 923 1042 1427 1099; baseline -0.008 -11"><span class='ocrx_word' id='word_1_67' title='bbox 923 1061 1075 1088; x_wconf 89' lang='lat' dir='ltr'>uerum</span> <span class='ocrx_word' id='word_1_68' title='bbox 1131 1045 1262 1088; x_wconf 87' lang='lat' dir='ltr'>etiam</span> <span class='ocrx_word' id='word_1_69' title='bbox 1313 1042 1427 1099; x_wconf 87' lang='lat' dir='ltr'>posi-</span> 
     </span>
     <span class='ocr_line' id='line_1_17' title="bbox 76 1115 1427 1174; baseline -0.006 -10"><span class='ocrx_word' id='word_1_70' title='bbox 76 1122 192 1164; x_wconf 87' lang='lat' dir='ltr'>tione</span> <span class='ocrx_word' id='word_1_71' title='bbox 218 1121 318 1163; x_wconf 87' lang='lat' dir='ltr'>data</span> <span class='ocrx_word' id='word_1_72' title='bbox 343 1124 420 1163; x_wconf 91' lang='lat' dir='ltr'>est.</span> <span class='ocrx_word' id='word_1_73' title='bbox 465 1124 508 1162; x_wconf 87' lang='lat' dir='ltr'>et</span> <span class='ocrx_word' id='word_1_74' title='bbox 535 1121 684 1162; x_wconf 81' lang='lat' dir='ltr'>(latum</span> <span class='ocrx_word' id='word_1_75' title='bbox 709 1121 776 1161; x_wconf 88' lang='lat' dir='ltr'>est</span> <span class='ocrx_word' id='word_1_76' title='bbox 800 1120 1010 1174; x_wconf 83' lang='lat' dir='ltr'>punctum</span> <span class='ocrx_word' id='word_1_77' title='bbox 1035 1120 1091 1172; x_wconf 81' lang='lat' dir='ltr'>E3</span> <span class='ocrx_word' id='word_1_78' title='bbox 1121 1117 1269 1171; x_wconf 90' lang='lat' dir='ltr'>itaque</span> <span class='ocrx_word' id='word_1_79' title='bbox 1295 1115 1427 1157; x_wconf 86' lang='lat' dir='ltr'>etiam</span> 
     </span>
     <span class='ocr_line' id='line_1_18' title="bbox 78 1187 1427 1247; baseline -0.005 -12"><span class='ocrx_word' id='word_1_80' title='bbox 78 1197 113 1236; x_wconf 93' lang='lat' dir='ltr'>Z</span> <span class='ocrx_word' id='word_1_81' title='bbox 131 1193 278 1235; x_wconf 88' lang='lat' dir='ltr'>datum</span> <span class='ocrx_word' id='word_1_82' title='bbox 299 1194 365 1233; x_wconf 86' lang='lat' dir='ltr'>est</span> <span class='ocrx_word' id='word_1_83' title='bbox 386 1191 524 1247; x_wconf 87' lang='lat' dir='ltr'>[prop.</span> <span class='ocrx_word' id='word_1_84' title='bbox 538 1189 738 1244; x_wconf 83' lang='lat' dir='ltr'>XXVH].</span> <span class='ocrx_word' id='word_1_85' title='bbox 780 1191 968 1244; x_wconf 89' lang='lat' dir='ltr'>ponatur</span> <span class='ocrx_word' id='word_1_86' title='bbox 986 1191 1132 1230; x_wconf 88' lang='lat' dir='ltr'>autem</span> <span class='ocrx_word' id='word_1_87' title='bbox 1154 1189 1313 1229; x_wconf 89' lang='lat' dir='ltr'>ZH=</span> <span class='ocrx_word' id='word_1_88' title='bbox 1328 1190 1371 1228; x_wconf 92' lang='lat' dir='ltr'><em>A</em></span> <span class='ocrx_word' id='word_1_89' title='bbox 1381 1187 1427 1228; x_wconf 92' lang='grc' dir='ltr'>Γ.</span> 
     </span>
     <span class='ocr_line' id='line_1_19' title="bbox 77 1259 1427 1318; baseline -0.004 -12"><span class='ocrx_word' id='word_1_90' title='bbox 77 1265 150 1307; x_wconf 80' lang='lat' dir='ltr'>sed</span> <span class='ocrx_word' id='word_1_91' title='bbox 162 1264 262 1306; x_wconf 87' lang='lat' dir='ltr'>data</span> <span class='ocrx_word' id='word_1_92' title='bbox 274 1265 341 1305; x_wconf 89' lang='lat' dir='ltr'>est</span> <span class='ocrx_word' id='word_1_93' title='bbox 354 1264 451 1304; x_wconf 89' lang='grc' dir='ltr'>ΛΓ.</span> <span class='ocrx_word' id='word_1_94' title='bbox 478 1276 609 1318; x_wconf 89' lang='lat' dir='ltr'>quare</span> <span class='ocrx_word' id='word_1_95' title='bbox 624 1261 756 1303; x_wconf 87' lang='lat' dir='ltr'>etiam</span> <span class='ocrx_word' id='word_1_96' title='bbox 770 1263 867 1302; x_wconf 92' lang='lat' dir='ltr'>ZH</span> <span class='ocrx_word' id='word_1_97' title='bbox 881 1260 981 1302; x_wconf 87' lang='lat' dir='ltr'>data</span> <span class='ocrx_word' id='word_1_98' title='bbox 994 1262 1061 1302; x_wconf 92' lang='lat' dir='ltr'>est</span> <span class='ocrx_word' id='word_1_99' title='bbox 1076 1259 1175 1316; x_wconf 83' lang='lat' dir='ltr'>[def.</span> <span class='ocrx_word' id='word_1_100' title='bbox 1193 1259 1249 1314; x_wconf 86' lang='lat'>1].</span> <span class='ocrx_word' id='word_1_101' title='bbox 1274 1272 1427 1300; x_wconf 89' lang='lat' dir='ltr'>uerum</span> 
     </span>
     <span class='ocr_line' id='line_1_20' title="bbox 76 1331 1427 1391; baseline -0.005 -14"><span class='ocrx_word' id='word_1_102' title='bbox 76 1335 205 1378; x_wconf 89' lang='lat' dir='ltr'>etiam</span> <span class='ocrx_word' id='word_1_103' title='bbox 240 1333 456 1391; x_wconf 73' lang='lat' dir='ltr'>positione</span> <span class='ocrx_word' id='word_1_104' title='bbox 495 1334 595 1375; x_wconf 88' lang='lat' dir='ltr'>data</span> <span class='ocrx_word' id='word_1_105' title='bbox 632 1336 709 1375; x_wconf 90' lang='lat' dir='ltr'>est.</span> <span class='ocrx_word' id='word_1_106' title='bbox 772 1335 815 1374; x_wconf 92' lang='lat' dir='ltr'>et</span> <span class='ocrx_word' id='word_1_107' title='bbox 853 1332 1001 1373; x_wconf 88' lang='lat' dir='ltr'>datum</span> <span class='ocrx_word' id='word_1_108' title='bbox 1033 1333 1099 1373; x_wconf 86' lang='lat' dir='ltr'>est</span> <span class='ocrx_word' id='word_1_109' title='bbox 1129 1333 1340 1386; x_wconf 79' lang='lat' dir='ltr'>punctum</span> <span class='ocrx_word' id='word_1_110' title='bbox 1374 1331 1427 1384; x_wconf 82' lang='lat' dir='ltr'>Z3</span> 
     </span>
     <span class='ocr_line' id='line_1_21' title="bbox 75 1401 1429 1461; baseline -0.005 -13"><span class='ocrx_word' id='word_1_111' title='bbox 75 1406 219 1461; x_wconf 86' lang='lat' dir='ltr'>itaque</span> <span class='ocrx_word' id='word_1_112' title='bbox 245 1406 375 1448; x_wconf 89' lang='lat' dir='ltr'>etiam</span> <span class='ocrx_word' id='word_1_113' title='bbox 395 1407 447 1447; x_wconf 93' lang='lat' dir='ltr'><em>H</em></span> <span class='ocrx_word' id='word_1_114' title='bbox 467 1405 615 1446; x_wconf 86' lang='lat' dir='ltr'>datum</span> <span class='ocrx_word' id='word_1_115' title='bbox 635 1407 701 1446; x_wconf 91' lang='lat' dir='ltr'>est</span> <span class='ocrx_word' id='word_1_116' title='bbox 728 1403 866 1459; x_wconf 88' lang='lat' dir='ltr'>[prop.</span> <span class='ocrx_word' id='word_1_117' title='bbox 886 1401 1086 1457; x_wconf 81' lang='lat' dir='ltr'>XXVH].</span> <span class='ocrx_word' id='word_1_118' title='bbox 1137 1404 1181 1443; x_wconf 89' lang='lat' dir='ltr'>et</span> <span class='ocrx_word' id='word_1_119' title='bbox 1206 1403 1354 1443; x_wconf 83' lang='lat' dir='ltr'>centro</span> <span class='ocrx_word' id='word_1_120' title='bbox 1378 1403 1429 1455; x_wconf 99' lang='grc' dir='ltr'>Ε,</span> 
     </span>
    </p>
   </div>
   <div class='ocr_carea' id='block_1_5' title="bbox 73 448 874 1057">
    <p class='ocr_par' dir='ltr' id='par_1_5' title="bbox 73 448 874 1057">
     <span class='ocr_line' id='line_1_22' title="bbox 73 448 874 1057; baseline 0 1451"><span class='ocrx_word' id='word_1_121' title='bbox 73 448 874 1057; x_wconf 95' lang='lat' dir='ltr'> </span> 
     </span>
    </p>
   </div>
   <div class='ocr_carea' id='block_1_6' title="bbox 0 1472 1428 1533">
    <p class='ocr_par' dir='ltr' id='par_1_6' title="bbox 0 1472 1428 1533">
     <span class='ocr_line' id='line_1_23' title="bbox 0 1472 1428 1533; baseline -0.006 -13"><span class='ocrx_word' id='word_1_122' title='bbox 0 1506 1 1533; x_wconf 78' lang='lat'>3</span> <span class='ocrx_word' id='word_1_123' title='bbox 77 1477 195 1519; x_wconf 86' lang='lat' dir='ltr'>radio</span> <span class='ocrx_word' id='word_1_124' title='bbox 234 1480 377 1519; x_wconf 86' lang='lat' dir='ltr'>autem</span> <span class='ocrx_word' id='word_1_125' title='bbox 413 1479 503 1518; x_wconf 87' lang='lat' dir='ltr'>EA</span> <span class='ocrx_word' id='word_1_126' title='bbox 541 1475 726 1518; x_wconf 83' lang='lat' dir='ltr'>circulus</span> <span class='ocrx_word' id='word_1_127' title='bbox 766 1474 1036 1517; x_wconf 72' lang='lat' dir='ltr'><strong>describatur</strong></span> <span class='ocrx_word' id='word_1_128' title='bbox 1067 1476 1111 1515; x_wconf 86' lang='lat' dir='ltr'><em>A</em></span> <span class='ocrx_word' id='word_1_129' title='bbox 1119 1474 1165 1514; x_wconf 92' lang='lat' dir='ltr'><strong><em>K</em></strong></span> <span class='ocrx_word' id='word_1_130' title='bbox 1172 1475 1219 1514; x_wconf 88' lang='grc' dir='ltr'>Θ.</span> <span class='ocrx_word' id='word_1_131' title='bbox 1282 1472 1428 1525; x_wconf 82' lang='lat' dir='ltr'>itaque</span> 
     </span>
    </p>
   </div>
   <div class='ocr_carea' id='block_1_7' title="bbox 77 1545 1429 1602">
    <p class='ocr_par' dir='ltr' id='par_1_7' title="bbox 77 1545 1429 1602">
     <span class='ocr_line' id='line_1_24' title="bbox 77 1545 1429 1602; baseline -0.005 -12"><span class='ocrx_word' id='word_1_132' title='bbox 77 1550 172 1590; x_wconf 87' lang='grc' dir='ltr'>ΔΚ</span> <span class='ocrx_word' id='word_1_133' title='bbox 179 1550 216 1590; x_wconf 86' lang='grc' dir='ltr'>Θ</span> <span class='ocrx_word' id='word_1_134' title='bbox 252 1548 377 1590; x_wconf 87' lang='lat' dir='ltr'>datus</span> <span class='ocrx_word' id='word_1_135' title='bbox 415 1550 481 1589; x_wconf 89' lang='lat' dir='ltr'>est</span> <span class='ocrx_word' id='word_1_136' title='bbox 517 1546 734 1602; x_wconf 90' lang='lat' dir='ltr'>positione</span> <span class='ocrx_word' id='word_1_137' title='bbox 767 1545 866 1601; x_wconf 85' lang='lat' dir='ltr'>[def.</span> <span class='ocrx_word' id='word_1_138' title='bbox 895 1545 953 1600; x_wconf 89' lang='grc'>6].</span> <span class='ocrx_word' id='word_1_139' title='bbox 1015 1559 1164 1586; x_wconf 89' lang='lat' dir='ltr'>rursus</span> <span class='ocrx_word' id='word_1_140' title='bbox 1197 1545 1346 1586; x_wconf 83' lang='lat' dir='ltr'>centro</span> <span class='ocrx_word' id='word_1_141' title='bbox 1380 1545 1429 1598; x_wconf 91' lang='grc' dir='ltr'>Ζ,</span> 
     </span>
    </p>
   </div>
   <div class='ocr_carea' id='block_1_8' title="bbox 0 1613 1427 1668">
    <p class='ocr_par' dir='ltr' id='par_1_8' title="bbox 0 1613 1427 1668">
     <span class='ocr_line' id='line_1_25' title="bbox 0 1613 1427 1668; baseline -0.005 -7"><span class='ocrx_word' id='word_1_142' title='bbox 0 1613 2 1636; x_wconf 69' lang='lat'>³</span> <span class='ocrx_word' id='word_1_143' title='bbox 77 1619 195 1661; x_wconf 85' lang='lat' dir='ltr'>radio</span> <span class='ocrx_word' id='word_1_144' title='bbox 234 1621 378 1660; x_wconf 87' lang='lat' dir='ltr'>autem</span> <span class='ocrx_word' id='word_1_145' title='bbox 411 1620 507 1660; x_wconf 93' lang='lat' dir='ltr'>ZH</span> <span class='ocrx_word' id='word_1_146' title='bbox 538 1617 723 1660; x_wconf 83' lang='lat' dir='ltr'>circulus</span> <span class='ocrx_word' id='word_1_147' title='bbox 762 1616 1031 1659; x_wconf 73' lang='lat' dir='ltr'>describatur</span> <span class='ocrx_word' id='word_1_148' title='bbox 1062 1617 1219 1657; x_wconf 90' lang='grc' dir='ltr'><em>ΗΚΛ.</em></span> <span class='ocrx_word' id='word_1_149' title='bbox 1279 1613 1427 1668; x_wconf 89' lang='lat' dir='ltr'>itaque</span> 
     </span>
    </p>
   </div>
   <div class='ocr_carea' id='block_1_9' title="bbox 78 1684 1434 1886">
    <p class='ocr_par' dir='ltr' id='par_1_9' title="bbox 78 1684 1434 1886">
     <span class='ocr_line' id='line_1_26' title="bbox 78 1684 1428 1744; baseline -0.004 -13"><span class='ocrx_word' id='word_1_150' title='bbox 78 1691 220 1731; x_wconf 89' lang='grc' dir='ltr'>ΗΚΛ</span> <span class='ocrx_word' id='word_1_151' title='bbox 257 1689 383 1731; x_wconf 87' lang='lat' dir='ltr'>datus</span> <span class='ocrx_word' id='word_1_152' title='bbox 421 1692 487 1731; x_wconf 90' lang='lat' dir='ltr'>est</span> <span class='ocrx_word' id='word_1_153' title='bbox 523 1688 739 1744; x_wconf 88' lang='lat' dir='ltr'>positione</span> <span class='ocrx_word' id='word_1_154' title='bbox 779 1687 885 1743; x_wconf 91' lang='lat' dir='ltr'>[ib.].</span> <span class='ocrx_word' id='word_1_155' title='bbox 960 1687 1034 1729; x_wconf 88' lang='lat' dir='ltr'>sed</span> <span class='ocrx_word' id='word_1_156' title='bbox 1072 1686 1204 1728; x_wconf 88' lang='lat' dir='ltr'>etiam</span> <span class='ocrx_word' id='word_1_157' title='bbox 1241 1684 1428 1728; x_wconf 78' lang='lat' dir='ltr'>circulus</span> 
     </span>
     <span class='ocr_line' id='line_1_27' title="bbox 78 1756 1434 1815; baseline -0.004 -13"><span class='ocrx_word' id='word_1_158' title='bbox 78 1762 173 1802; x_wconf 91' lang='grc' dir='ltr'>ΔΚ</span> <span class='ocrx_word' id='word_1_159' title='bbox 180 1763 217 1802; x_wconf 87' lang='grc' dir='ltr'>Θ</span> <span class='ocrx_word' id='word_1_160' title='bbox 254 1759 470 1815; x_wconf 76' lang='lat' dir='ltr'>positione</span> <span class='ocrx_word' id='word_1_161' title='bbox 508 1759 633 1801; x_wconf 86' lang='lat' dir='ltr'>datus</span> <span class='ocrx_word' id='word_1_162' title='bbox 674 1762 751 1801; x_wconf 85' lang='lat' dir='ltr'>est.</span> <span class='ocrx_word' id='word_1_163' title='bbox 827 1772 930 1814; x_wconf 85' lang='lat' dir='ltr'>ergo</span> <span class='ocrx_word' id='word_1_164' title='bbox 971 1757 1102 1799; x_wconf 90' lang='lat' dir='ltr'>etiam</span> <span class='ocrx_word' id='word_1_165' title='bbox 1138 1759 1349 1812; x_wconf 87' lang='lat' dir='ltr'>punctum</span> <span class='ocrx_word' id='word_1_166' title='bbox 1388 1756 1434 1795; x_wconf 92' lang='lat' dir='ltr'><em>K</em></span> 
     </span>
     <span class='ocr_line' id='line_1_28' title="bbox 79 1828 1430 1886; baseline -0.004 -14"><span class='ocrx_word' id='word_1_167' title='bbox 79 1830 224 1872; x_wconf 85' lang='lat' dir='ltr'>datum</span> <span class='ocrx_word' id='word_1_168' title='bbox 250 1834 316 1872; x_wconf 88' lang='lat' dir='ltr'>est</span> <span class='ocrx_word' id='word_1_169' title='bbox 341 1830 479 1886; x_wconf 89' lang='lat' dir='ltr'>[prop.</span> <span class='ocrx_word' id='word_1_170' title='bbox 499 1829 656 1884; x_wconf 65' lang='lat' dir='ltr'><strong>XXV}</strong></span> <span class='ocrx_word' id='word_1_171' title='bbox 705 1844 858 1871; x_wconf 85' lang='lat' dir='ltr'>uerum</span> <span class='ocrx_word' id='word_1_172' title='bbox 885 1828 1018 1870; x_wconf 88' lang='lat' dir='ltr'>etiam</span> <span class='ocrx_word' id='word_1_173' title='bbox 1043 1830 1275 1881; x_wconf 86' lang='lat' dir='ltr'>utrumque</span> <span class='ocrx_word' id='word_1_174' title='bbox 1299 1840 1430 1880; x_wconf 83' lang='lat' dir='ltr'>punc-</span> 
     </span>
    </p>
   </div>
   <div class='ocr_carea' id='block_1_10' title="bbox 0 1889 1431 2027">
    <p class='ocr_par' dir='ltr' id='par_1_10' title="bbox 0 1889 1431 2038">
     <span class='ocr_line' id='line_1_29' title="bbox 0 1889 1429 1961; baseline -0.003 -19"><span class='ocrx_word' id='word_1_175' title='bbox 0 1889 4 1961; x_wconf 56' lang='lat'><em>}</em></span> <span class='ocrx_word' id='word_1_176' title='bbox 79 1903 173 1943; x_wconf 88' lang='lat' dir='ltr'>tum</span> <span class='ocrx_word' id='word_1_177' title='bbox 203 1904 253 1957; x_wconf 83' lang='lat' dir='ltr'>E,</span> <span class='ocrx_word' id='word_1_178' title='bbox 285 1904 320 1942; x_wconf 92' lang='grc' dir='ltr'><strong>Ζ</strong></span> <span class='ocrx_word' id='word_1_179' title='bbox 364 1901 511 1943; x_wconf 86' lang='grc'>(13111111</span> <span class='ocrx_word' id='word_1_180' title='bbox 554 1904 630 1943; x_wconf 88' lang='lat' dir='ltr'>est.</span> <span class='ocrx_word' id='word_1_181' title='bbox 697 1901 844 1956; x_wconf 87' lang='lat' dir='ltr'>itaque</span> <span class='ocrx_word' id='word_1_182' title='bbox 888 1912 1170 1954; x_wconf 81' lang='lat' dir='ltr'>unaquaeque</span> <span class='ocrx_word' id='word_1_183' title='bbox 1213 1900 1429 1938; x_wconf 83' lang='lat' dir='ltr'>rectarum</span> 
     </span>
     <span class='ocr_line' id='line_1_30' title="bbox 0 1968 1431 2027; baseline -0.003 -14"><span class='ocrx_word' id='word_1_184' title='bbox 0 1969 5 2027; x_wconf 65' lang='grc' dir='ltr'>ζ</span> <span class='ocrx_word' id='word_1_185' title='bbox 80 1972 185 2026; x_wconf 88' lang='grc' dir='ltr'>ΚΕ,</span> <span class='ocrx_word' id='word_1_186' title='bbox 226 1974 327 2027; x_wconf 85' lang='grc' dir='ltr'>ΕΖ,</span> <span class='ocrx_word' id='word_1_187' title='bbox 371 1973 459 2013; x_wconf 90' lang='grc' dir='ltr'>ΖΚ</span> <span class='ocrx_word' id='word_1_188' title='bbox 502 1970 720 2027; x_wconf 71' lang='lat' dir='ltr'>positione</span> <span class='ocrx_word' id='word_1_189' title='bbox 774 1973 817 2012; x_wconf 89' lang='lat' dir='ltr'>et</span> <span class='ocrx_word' id='word_1_190' title='bbox 866 1968 1164 2025; x_wconf 82' lang='lat' dir='ltr'>magnitudine</span> <span class='ocrx_word' id='word_1_191' title='bbox 1215 1968 1315 2009; x_wconf 89' lang='lat' dir='ltr'>data</span> <span class='ocrx_word' id='word_1_192' title='bbox 1365 1970 1431 2009; x_wconf 87' lang='lat' dir='ltr'>est</span> 
     </span>
    </p>
   </div>
   <div class='ocr_carea' id='block_1_11' title="bbox 81 2038 1430 2098">
    <p class='ocr_par' dir='ltr' id='par_1_11' title="bbox 81 2038 1430 2098">
     <span class='ocr_line' id='line_1_31' title="bbox 81 2038 1430 2098; baseline -0.004 -14"><span class='ocrx_word' id='word_1_193' title='bbox 81 2041 219 2097; x_wconf 85' lang='lat' dir='ltr'>[prop.</span> <span class='ocrx_word' id='word_1_194' title='bbox 244 2041 419 2097; x_wconf 68' lang='lat' dir='ltr'><strong>XXVI}</strong></span> <span class='ocrx_word' id='word_1_195' title='bbox 469 2057 573 2098; x_wconf 87' lang='lat' dir='ltr'>ergo</span> <span class='ocrx_word' id='word_1_196' title='bbox 601 2041 845 2098; x_wconf 87' lang='lat' dir='ltr'>triangulus</span> <span class='ocrx_word' id='word_1_197' title='bbox 872 2043 1006 2082; x_wconf 87' lang='lat' dir='ltr'>KEZ</span> <span class='ocrx_word' id='word_1_198' title='bbox 1037 2040 1163 2081; x_wconf 78' lang='lat' dir='ltr'>clatus</span> <span class='ocrx_word' id='word_1_199' title='bbox 1190 2041 1256 2080; x_wconf 91' lang='lat' dir='ltr'>est</span> <span class='ocrx_word' id='word_1_200' title='bbox 1289 2038 1430 2094; x_wconf 79' lang='lat' dir='ltr'>speeie</span> 
     </span>
    </p>
   </div>
   <div class='ocr_carea' id='block_1_12' title="bbox 3 2109 1430 2309">
    <p class='ocr_par' dir='ltr' id='par_1_12' title="bbox 3 2109 1430 2309">
     <span class='ocr_line' id='line_1_32' title="bbox 3 2109 1430 2168; baseline -0.003 -14"><span class='ocrx_word' id='word_1_201' title='bbox 3 2127 5 2130; x_wconf 78' lang='grc'><strong>’</strong></span> <span class='ocrx_word' id='word_1_202' title='bbox 81 2111 179 2168; x_wconf 84' lang='lat' dir='ltr'>[def.</span> <span class='ocrx_word' id='word_1_203' title='bbox 203 2111 260 2167; x_wconf 83' lang='lat'>3].</span> <span class='ocrx_word' id='word_1_204' title='bbox 309 2116 352 2154; x_wconf 89' lang='grc'>61</span> <span class='ocrx_word' id='word_1_205' title='bbox 370 2112 560 2168; x_wconf 86' lang='lat' dir='ltr'>aequalis</span> <span class='ocrx_word' id='word_1_206' title='bbox 581 2116 624 2155; x_wconf 87' lang='lat' dir='ltr'>et</span> <span class='ocrx_word' id='word_1_207' title='bbox 644 2111 798 2154; x_wconf 87' lang='lat' dir='ltr'>similis</span> <span class='ocrx_word' id='word_1_208' title='bbox 820 2114 885 2153; x_wconf 88' lang='lat' dir='ltr'>est</span> <span class='ocrx_word' id='word_1_209' title='bbox 911 2110 1132 2167; x_wconf 83' lang='lat' dir='ltr'>triangulo</span> <span class='ocrx_word' id='word_1_210' title='bbox 1152 2111 1293 2152; x_wconf 87' lang='grc' dir='ltr'>ΑΒΓ</span> <span class='ocrx_word' id='word_1_211' title='bbox 1312 2109 1364 2166; x_wconf 88' lang='grc' dir='ltr'>[Ι,</span> <span class='ocrx_word' id='word_1_212' title='bbox 1385 2110 1430 2165; x_wconf 82' lang='lat'>83</span> 
     </span>
     <span class='ocr_line' id='line_1_33' title="bbox 4 2178 1430 2257; baseline -0.001 -33"><span class='ocrx_word' id='word_1_213' title='bbox 4 2196 7 2257; x_wconf 40' lang='grc' dir='ltr'><strong>ᾗ</strong></span> <span class='ocrx_word' id='word_1_214' title='bbox 78 2181 112 2238; x_wconf 90' lang='grc' dir='ltr'>Ι,</span> <span class='ocrx_word' id='word_1_215' title='bbox 142 2183 188 2239; x_wconf 81' lang='lat'>43</span> <span class='ocrx_word' id='word_1_216' title='bbox 230 2178 318 2238; x_wconf 76' lang='lat' dir='ltr'>VI,&#39;</span> <span class='ocrx_word' id='word_1_217' title='bbox 340 2182 420 2225; x_wconf 88' lang='lat' dir='ltr'>def.</span> <span class='ocrx_word' id='word_1_218' title='bbox 448 2183 506 2238; x_wconf 90' lang='lat'>1].</span> <span class='ocrx_word' id='word_1_219' title='bbox 578 2198 681 2240; x_wconf 85' lang='lat' dir='ltr'>ergo</span> <span class='ocrx_word' id='word_1_220' title='bbox 726 2182 972 2238; x_wconf 81' lang='lat' dir='ltr'>triangulus</span> <span class='ocrx_word' id='word_1_221' title='bbox 1018 2183 1157 2223; x_wconf 92' lang='grc' dir='ltr'>ΑΒΓ</span> <span class='ocrx_word' id='word_1_222' title='bbox 1193 2181 1318 2223; x_wconf 86' lang='lat' dir='ltr'>datus</span> <span class='ocrx_word' id='word_1_223' title='bbox 1364 2183 1430 2222; x_wconf 85' lang='lat' dir='ltr'>est</span> 
     </span>
     <span class='ocr_line' id='line_1_34' title="bbox 4 2253 436 2309; baseline -0.009 -10"><span class='ocrx_word' id='word_1_224' title='bbox 4 2262 7 2299; x_wconf 72' lang='grc' dir='ltr'>ἐ</span> <span class='ocrx_word' id='word_1_225' title='bbox 81 2254 220 2309; x_wconf 80' lang='lat' dir='ltr'>speeie</span> <span class='ocrx_word' id='word_1_226' title='bbox 253 2253 351 2308; x_wconf 81' lang='lat' dir='ltr'>[def.</span> <span class='ocrx_word' id='word_1_227' title='bbox 378 2253 436 2308; x_wconf 81' lang='lat'>3].</span> 
     </span>
    </p>
   </div>
  </div>
 </body>
</html>
