1520 2508
452 82 695 116 APPENDJX
721 82 1045 124 SCHoLmRUM.
1335 83 1423 126 325

0 173 2 221 ἶ
71 183 147 233 τῆς
177 178 287 234 πρὸς
318 183 376 235 τῷ
402 181 446 219 Δ
475 179 613 233 μόνης
644 178 879 221 διπλάσιόν
910 178 1038 222 ἐστιν.
1090 183 1180 222 ἴσαι
1212 178 1261 222 δὲ
1292 180 1423 236 ἀλλή-

72 252 168 299 λαις
199 247 283 291 εἰσὶ
313 247 511 291 κάκεῖναι
547 248 621 291 διὰ
652 250 701 291 τὸ
735 253 835 304 ι”σην
866 246 979 292 εἶναι
1016 251 1096 306 τὴν
1127 254 1214 293 ΑΔ
1251 258 1302 308 τῇ
1336 254 1430 294 ΛΓ

55 318 143 366 χαὶ
177 316 395 370 ἰσοσκελὲς
424 320 694 362 καθεστάναι
726 322 774 363 τὸ
806 323 1037 378 τρίγωνον.

384 441 453 505 Ad
483 477 603 518 prop.
636 462 736 505 LIV
768 463 999 506 demonstr.
1034 464 1106 506 alt.

164 553 230 594 11.
261 550 497 594 Ἐκκείσθω
518 554 703 595 δοθεῖσα
722 569 761 608 p.
778 554 876 608 202,
899 553 972 609 12]
999 560 1058 612 τῷ
1085 554 1279 610 μεγέθει·
1306 554 1422 598 οὕτω
1473 564 1493 596 5

72 624 157 679 γὰρ
189 621 255 665 ἀεὶ
286 623 499 678 λαμβάνει
531 623 746 679 ἀοριστῶς
777 623 929 678 λέγων.
1365 680 1369 685 ¹

164 707 230 748 12.
255 704 409 748 ”Eam
435 707 520 762 ἄρα
547 706 606 756 ὡς
631 708 679 749 τὸ
699 710 742 748 Α
767 708 878 763 πρὸς
903 709 951 750 τὸ
978 711 1015 750 Β
1040 724 1080 764 p.
1102 710 1200 764 202,
1220 707 1295 767 21]
1323 709 1424 765 ἐμά-

9 782 15 817 2
73 781 214 833 θομεν
245 777 348 832 γάρ,
384 776 465 831 ὅτι,
498 776 574 819 ἐὰν
605 776 811 831 τέσσαρες
842 778 1014 821 εὐθεῖαι
1047 779 1268 834 ἀνάλογον
1300 777 1424 836 ὦσιν,

73 847 145 891 καὶ
182 850 234 891 τὰ
271 848 345 891 ἀπ’
381 849 528 891 αὐτῶν
565 849 859 906 εὐθύγραμμα
898 850 1027 905 ὅμοιά
1064 866 1108 893 τε
1152 850 1224 893 καὶ
1262 851 1424 907 ὁμοίως

75 919 436 977 ἀναγεγραμμένα
468 919 689 974 ἀνάλογον
721 922 853 963 ἔσται.
1450 932 1495 964 10

165 1005 231 1047 13.
282 1002 371 1046 Καὶ
409 1004 458 1045 αἱ
491 1002 641 1045 λοιπαὶ
680 1004 764 1060 ἄρα
800 1007 991 1061 πλευραί
1030 1021 1069 1060 p.
1104 1006 1209 1062 204,
1241 1005 1286 1061 8]
1332 1005 1425 1048 ἐπεὶ

0 1054 7 1114 ῑ1
74 1077 203 1129 λόγος
234 1080 309 1129 τῆς
337 1076 417 1116 ΓΔ
446 1075 557 1130 πρὸς
589 1075 670 1129 τὴν
695 1078 779 1116 ΕΖ
811 1076 977 1130 δοθείς,
1009 1078 1099 1118 ἔστι
1132 1074 1180 1118 δὲ
1206 1075 1279 1119 καὶ
1304 1078 1353 1119 τὸ
1381 1081 1425 1119 Α

0 1165 6 1196 g
76 1147 231 1202 ὅμοιον
269 1152 328 1204 τῷ
362 1148 419 1200 Β,
464 1153 555 1188 τῶν
593 1144 641 1188 δὲ
679 1146 845 1202 ὁμοίων
883 1147 1117 1202 σχημάτων
1154 1148 1203 1190 αἱ
1236 1147 1424 1205 πλευραὶ

0 1386 6 1394 .
0 1366 9 1372 ,
0 1197 12 1355 *ww-qua

75 1217 295 1272 ἀνάλογόν
319 1219 446 1275 εἰσιν,
471 1219 582 1274 πρὸς
607 1217 658 1268 ἃς
683 1215 812 1261 αὗται
834 1218 1055 1273 ἀνάλογόν
1074 1220 1201 1274 εἰσιν,
1226 1219 1425 1262 κάκεῖναι

77 1288 308 1344 δεδομέναι
340 1290 528 1332 ἔσονται.
1450 1300 1495 1332 15

397 1430 467 1474 Ad
497 1447 619 1488 prop.
652 1432 730 1474 LV
761 1433 995 1476 demonstr.
1028 1433 1100 1475 alt.

167 1521 232 1562 14.
262 1519 454 1563 Δέδοται
481 1522 565 1577 ἄρα
591 1528 650 1580 τῷ
677 1522 784 1564 εῖδει
808 1538 848 1578 p.
869 1523 968 1577 204,
990 1522 1064 1577 19]
1092 1521 1314 1578 ἐμάθομεν
1340 1523 1423 1579 γὰρ

76 1590 123 1634 ἐν
155 1599 246 1642 τοῖς
278 1592 417 1648 ὅροις,
456 1593 523 1635 ὅτι
561 1593 856 1650 εὐθύγραμμα
889 1595 1086 1648 σχήματα
1123 1599 1183 1651 τῷ
1215 1594 1323 1636 εἴδει
1355 1594 1424 1636 δε-

75 1663 239 1705 δόσθαι
270 1662 454 1719 λέγεται,
486 1661 550 1707 ὧν
582 1665 631 1706 αἵ
659 1680 703 1707 τε
735 1667 893 1719 γωνίαι
925 1664 1157 1721 δεδομέναι
1188 1667 1277 1708 εἰσί
1303 1669 1393 1708 κτλ.

167 1746 232 1789 15.
275 1748 365 1789 Διὰ
396 1748 450 1790 τὰ
482 1747 593 1790 αὐτὰ
625 1748 681 1802 δή
711 1764 750 1803 Ρ.
778 1749 878 1804 204,
904 1749 978 1801 24]
1014 1749 1071 1798 ὡς
1103 1747 1150 1790 ἐν
1175 1754 1235 1806 τῷ
1262 1750 1422 1806 σχολίῳ
1450 1758 1496 1790 20

0 1803 6 1866 5
74 1823 155 1859 τοῦ
186 1817 272 1873 νβ’·
317 1818 400 1861 ἀπὸ
440 1820 523 1875 γὰρ
564 1818 745 1873 ἑκάστης
782 1818 1115 1875 ἀναγράφοντες
1147 1819 1424 1876 τετράγωνον

0 1882 9 1927 ἶ»
75 1887 236 1943 ὁμοίως
267 1888 477 1945 δείξομεν.

170 2069 224 2101 11.
252 2065 553 2101 PVat.Amb1-.S.
653 2069 707 2100 12.
734 2066 773 2101 P.
874 2069 926 2100 13.
956 2078 983 2100 Ζ.
1085 2069 1139 2101 14.
1165 2066 1283 2101 Plva..
1366 2070 1421 2103 15.

0 2089 3 2098 ἰ
74 2111 194 2147 Plvo'.
266 2155 273 2159 -

170 2282 203 2315 5.
228 2279 327 2314 Ante
351 2282 400 2326 τῷ
425 2278 511 2314 hab.
540 2280 698 2314 δοθεῖσα
723 2278 849 2314 Ambr.
949 2278 1100 2324 μεγέθει
1124 2280 1270 2325 δηλαδή
1294 2279 1422 2315 Ambr.

123 2330 178 2362 14.
206 2326 299 2362 εἰσιν
319 2326 416 2373 (pr.)]
444 2325 585 2371 scripsi,
613 2325 655 2361 δέ
681 2339 709 2362 Ζ.
810 2330 864 2362 19.
892 2326 932 2361 αἱ
958 2325 1159 2372 δεδομέναι
1183 2327 1222 2363 P.
