1520 2508
648 65 788 125 DA'rA.
1311 83 1315 86 ’
1366 83 1394 126 5

55 187 347 247 magnitudine
373 190 417 230 et
436 187 562 229 bases
588 188 910 243 segmentorum
927 183 1144 240 positione
1170 185 1214 225 et
1232 181 1398 239 magni·-

52 260 208 304 tudine.

143 331 181 374 9.
223 329 479 387 Magnitudo
511 327 808 385 magnitudine
840 326 1002 369 maior
1039 328 1105 368 est
1135 325 1272 380 data,
1307 323 1397 380 ubi,

61 401 206 445 ablata
237 401 349 457 data,
380 415 487 456 quae
517 399 790 455 relinquitur,
820 397 958 440 eidem
990 396 1182 453 aequalis
1215 398 1292 438 est.

145 473 211 516 10.
246 471 501 528 Magnitudo
527 469 826 527 magnitudine
851 469 1016 511 minor
1046 470 1114 511 est
1145 467 1280 523 data,
1310 465 1401 522 ubi,

54 543 198 586 addita
229 543 341 599 data,
371 546 515 585 totum
544 541 682 584 eidem
714 540 892 596 aequale
924 543 1000 582 est.

144 615 210 657 11.
241 613 496 670 Magnitudo
516 612 814 669 magnitudine
840 610 1001 654 maior
1026 613 1093 653 est
1113 610 1231 652 data
1251 623 1399 665 quam

53 685 109 727 in
143 685 385 741 ratione,
427 684 521 740 ubi,
558 683 704 726 ablata
741 683 860 740 data,
904 697 1012 738 quae
1048 680 1309 736 relinquitur
1346 679 1401 722 ad

53 755 230 799 eandem
261 756 404 798 datam
435 755 566 798 habet
595 754 820 797 rationem.
829 752 863 811 ¹)

148 828 213 869 12.
245 826 499 884 Magnitudo
519 825 815 882 magnitudine
835 825 1000 867 minor
1020 827 1086 866 est
1108 824 1228 865 data
1253 836 1400 877 quam

58 896 111 939 i'n
140 898 359 953 ratione,
398 897 492 953 ubi,
529 896 674 940 addita
705 897 823 953 data,
859 899 1002 938 totum
1035 895 1088 938 ad
1120 894 1296 937 eandem
1329 893 1402 935 da-

56 970 147 1010 tam
176 967 309 1010 habet
339 967 562 1010 rationem.

146 1039 233 1094 [13.
276 1038 508 1081 Deducta
546 1041 612 1080 est
647 1040 783 1093 recta,
821 1052 929 1094 quae
967 1052 991 1079 a
1023 1037 1124 1079 dato
1156 1039 1317 1092 puncto
1350 1036 1404 1079 ad
1486 1068 1493 1076 .

57 1114 219 1151 rectam
249 1107 464 1164 positione
497 1108 642 1150 datam
673 1108 845 1151 ducitur
874 1109 921 1150 in
952 1108 1052 1150 dato
1085 1108 1258 1164 angulo.

150 1180 216 1222 14.
253 1179 440 1222 Erecta
465 1182 531 1222 est
555 1182 686 1235 recta,
716 1194 824 1235 quae
850 1194 876 1221 a
901 1179 1002 1221 dato
1027 1183 1189 1235 puncto
1215 1179 1261 1222 in
1285 1182 1405 1222 recta

59 1250 276 1306 positione
309 1251 408 1293 data
440 1250 610 1292 ducitur
638 1250 685 1292 in
716 1251 818 1292 dato
851 1250 1020 1307 angulo.

152 1322 216 1364 15.
265 1319 340 1363 Ad
382 1321 642 1377 positione
686 1321 854 1363 datam
899 1324 966 1363 est
1001 1324 1137 1377 recta,
1181 1335 1289 1376 quae
1326 1335 1405 1376 per

61 1393 210 1435 datum
245 1394 453 1447 punctum
489 1395 631 1435 rectae
667 1392 883 1448 positione
921 1393 1046 1435 datae
1082 1391 1290 1448 parallela
1330 1391 1404 1434 du-

57 1460 242 1519 citur.]²)

706 1570 738 1612 Ι.

146 1651 358 1695 Datarum
388 1653 737 1710 magnitudinum
768 1653 880 1708 ratio
910 1654 1024 1696 inter
1056 1668 1101 1697 se
1132 1654 1233 1696 data
1265 1657 1343 1696 est.

146 1723 271 1766 datae
316 1723 404 1766 sint
445 1724 765 1781 magnitudines
808 1728 852 1767 A
859 1759 870 1781 ⁷
906 1728 955 1767 Β.
1027 1725 1142 1782 dico,
1189 1725 1404 1767 rationem

57 1793 193 1849 ipsius
223 1798 267 1837 A
298 1795 350 1837 ad
381 1797 419 1837 Β
451 1810 543 1838 esse
574 1796 730 1839 datam.

158 1971 192 2016 1)
217 1981 251 2006 u.
276 1970 435 2006 Hultsch
459 1970 499 2005 in
523 1970 643 2017 Pappi
670 1971 758 2007 edit.
784 1971 859 2007 uol.
884 1972 902 2006 I
925 1972 1042 2017 praef.
1067 1984 1102 2018 p.
1129 1972 1259 2008 XXIV.

156 2018 190 2062 2)
216 2016 307 2053 Deff.
328 2021 464 2053 13—15
491 2018 539 2053 ab
559 2018 715 2054 Euclide
739 2030 815 2054 non
834 2022 1062 2065 usurpantur
1087 2022 1125 2056 et
1150 2031 1172 2055 a
1199 2019 1404 2055 scholiasta

59 2063 261 2109 Apollonio
286 2064 510 2102 tribuuntur.
561 2066 623 2102 cfr.
653 2066 766 2103 schol.
792 2078 846 2102 nr.
874 2070 929 2103 13.

61 2230 218 2283 εὐθεῖαιζ
249 2230 376 2268 Vatv.
496 2231 712 2279 ἀναγομένη
739 2235 778 2280 β,
809 2233 901 2269 item
930 2233 995 2270 lin.
1023 2237 1079 2270 20.
1201 2239 1256 2270 21.
1288 2234 1329 2270 τὸ
1362 2234 1403 2269 α’

59 2282 244 2371 ἷέἒῗιῗέίἶ
269 2279 628 2373 {em'uss‘y'ftfftnssg'
655 2281 688 2327 β’
706 2331 751 2363 25
789 2281 896 2365 {²3in
910 2281 1020 2363 (31¹2ss
1046 2292 1116 2318 ⁰¹¹¹·
1144 2282 1176 2328 β·
1276 2285 1332 2317 ²4·
1358 2281 1405 2316 τὰ
