1520 2508
1447 0 1515 53 ψ

154 122 237 163 182
321 132 323 134 v
374 145 378 148 -
678 123 944 158 AEAOMENA.
1480 90 1487 129 3

153 217 302 258 εὐθεῖα
332 217 456 270 ἤχθω
487 216 513 269 ἡ
544 218 632 257 ΒΓ
661 216 1024 271 ἀπολαμβάνουσα
1060 223 1201 272 τμῆμα
1235 214 1462 273 δεχόμενον

154 287 318 339 γωνίαν
349 286 558 327 δοθεῖσαν
587 287 666 341 τὴν
695 284 780 328 ὑπὸ
810 289 950 341 ΒΑΓ,
980 286 1051 328 καὶ
1076 289 1299 342 τετμήσθω
1329 286 1356 341 ἡ
1380 287 1463 330 ὑπὸ
1492 336 1500 348 ⁸

153 357 285 396 ΒΑΓ
308 356 444 408 γωνία
475 356 573 410 δίχα
597 362 648 411 τῇ
673 359 758 397 AA
788 357 955 413 εὐθείᾳ·
986 355 1108 410 λέγω,
1140 357 1206 399 ὅτι
1228 359 1356 410 λόγος
1377 356 1487 399 ἐστὶ·

87 420 91 424 ”
155 424 486 481 συναμφοτέρου
528 430 603 479 τῆς
643 428 775 467 ΒΑΓ
809 427 916 482 πρὸς
946 427 1024 481 τὴν
1060 430 1145 468 ΑΔ
1188 427 1353 480 δοθείς,
1379 424 1466 468 ’καὶ
1511 460 1514 463 .

111 500 131 531 5
157 494 222 535 ὅτι
259 493 395 536 δοθέν
431 494 521 536 ἐστι
555 495 604 536 τὸ
640 494 725 536 ὑπὸ
763 494 1091 550 συναμφοτέρου
1127 501 1202 549 τῆς
1237 498 1367 537 ΒΑΓ
1395 494 1466 537 καὶ
1499 487 1501 491 ’

154 569 229 618 τῆς
258 567 351 606 EA.

108 624 111 626 ’
242 632 481 688 ἐπεζεύχθω
512 633 552 686 ἡ
570 637 662 676 BA.
722 633 793 676 καὶ
831 633 919 676 ἐπεὶ
955 636 1015 684 εἰς
1046 635 1205 676 κύκλον
1236 633 1467 688 δεδομένον

109 744 119 755 ,
155 709 214 759 τῷ
257 702 430 757 μεγέθει
471 704 548 745 τὸν
590 705 726 745 ΔΑΓ
767 704 936 757 διῆκται
978 704 1127 746 εὐθεῖα
1174 703 1201 757 ἡ
1237 705 1325 745 ΒΓ
1367 703 1468 745 ἀπο-

127 810 129 812 .
156 773 435 827 λαμβάνουσα
465 778 606 827 τμῆμα
636 774 684 814 τὸ
715 776 796 814 BA
804 775 853 822 Γ,
870 775 1101 828 δεχόμενον
1130 766 1295 826 γωνίαν
1326 774 1514 814 δοθεῖ-.”

37 837 41 840 ’
65 870 67 872 -
90 855 133 886 10
157 853 239 884 σαν
269 843 349 896 τὴν
377 842 462 883 ὑπὸ
493 849 580 884 τῶν
604 845 741 896 ΒΑΓ,
774 844 955 885 δοθεῖσα
985 845 1068 897 ἄρα
1099 841 1216 884 ἐστὶν
1246 843 1272 896 ἡ
1301 844 1388 883 ΒΓ
1412 845 1470 899 τῷ

157 911 341 967 μεγέθει.
403 912 476 953 διὰ
505 913 557 953 τὰ
588 912 696 953 αὐτὰ
727 913 780 966 δὴ
804 911 876 954 καὶ
906 912 932 965 ἡ
965 915 1045 954 BA
1082 912 1262 954 δοθεῖσα
1293 911 1382 953 ἐστι
1411 917 1470 968 τῷ

116 970 127 979 ⁸
157 980 507 1036 μεγέθει·’λόγος
530 983 614 1037 ἄρα
645 980 734 1023 ἐστὶ
757 988 831 1036 τῆς
856 984 944 1023 ΒΓ
967 978 1074 1037 πρὸς
1098 982 1177 1035 τὴν
1202 984 1282 1022 BA
1313 976 1471 1030 δοθείς.
1507 1029 1513 1036 ο

158 1050 230 1093 καὶ
273 1050 363 1093 ἐπεὶ
399 1051 425 1105 ἡ
460 1050 545 1093 ὑπὸ
581 1058 669 1093 τῶν
706 1053 835 1092 ΒΑΓ
872 1053 1007 1104 γωνία
1049 1051 1148 1105 δίχα
1184 1049 1382 1104 τέτμηται
1421 1056 1472 1105 τῇ
1513 1073 1516 1080 v

147 1125 245 1163 AA
275 1118 439 1178 εὐθεία,
470 1123 588 1163 ἔστιν
617 1110 700 1176 ἄρα
732 1121 789 1170 ὡς
814 1120 839 1174 ἡ
865 1123 946 1162 ΒΑ
975 1120 1082 1175 πρὸς
1105 1121 1184 1174 τὴν
1209 1123 1250 1161 Α
1259 1122 1306 1173 Γ,
1337 1120 1473 1168 οὕτως
1513 1155 1520 1169 ,ι

94 1202 135 1234 15
160 1190 187 1244 ἡ
218 1194 303 1233 ΒΕ
335 1192 443 1246 πρὸς
478 1192 557 1245 τὴν
593 1192 697 1232 ΕΓ·
747 1189 927 1240 ἐναλλὰξ
970 1191 1052 1245 ἄρα
1089 1190 1147 1239 ὡς
1183 1189 1208 1242 ἡ
1246 1192 1331 1230 ΑΒ
1367 1180 1485 1244 πρὸς·

161 1263 268 1316 ΒΕ,
323 1260 460 1309 οὕτως
509 1259 534 1313 ἡ
583 1262 681 1301 ΑΓ
726 1260 833 1315 πρὸς
883 1260 963 1313 τὴν
1011 1261 1116 1300 ΓΕ·
1167 1257 1238 1300 καὶ
1287 1259 1345 1307 ὡς
1392 1260 1487 1312 ἄρα
1509 1261 1520 1279 ⁰²

161 1332 487 1386 συναμφότερος
527 1329 553 1383 ἡ
590 1331 721 1371 ΒΑΓ
754 1330 862 1385 πρὸς
891 1330 970 1383 τὴν
1007 1331 1105 1382 ΒΓ,
1148 1328 1285 1377 οὕτως
1327 1327 1352 1381 ᾗ
1390 1330 1482 1369 ΑΓ

160 1401 289 1455 πρὸς·
303 1401 382 1454 τὴν
414 1402 505 1452 ΓΕ.
565 1398 637 1441 καὶ
674 1399 768 1441 ἐπεί
801 1398 916 1440 ἐστιν
954 1402 1023 1452 ἴση
1060 1398 1086 1451 ἡ
1116 1397 1201 1440 ὑπὸ
1232 1404 1319 1439 τῶν
1350 1400 1477 1439 ΒΑΕ

161 1472 298 1524 γωνία
323 1476 386 1525 τῇ,
409 1469 493 1511 ὑπὸ
523 1476 611 1511 τῶν
635 1472 716 1510 ΕΛ
725 1471 772 1523 Γ,
803 1470 891 1510 ἔστι
914 1466 964 1509 δὲ
987 1466 1058 1509 καὶ
1082 1468 1108 1521 ἡ
1132 1468 1216 1509 ὑπὸ
1241 1474 1328 1508 τῶν
1348 1469 1484 1508 ΑΓΕ
1507 1515 1510 1518 ,

93 1550 138 1581 20
161 1546 213 1595 τῇ
248 1539 333 1590 ὑπὸ
369 1546 456 1581 τῶν
486 1542 615 1580 ΒΔΕ
649 1539 738 1592 ἴση,
781 1539 907 1592 λοιπὴ
939 1538 1021 1592 ἄρα
1057 1536 1083 1590 ἡ
1113 1536 1198 1578 ὑπὸ
1229 1543 1316 1578 τῶν
1346 1538 1482 1577 ΑΕΓ

163 1613 290 1665 λοιπῇ
333 1616 383 1664 τῇ
418 1608 503 1650 ὑπὸ
542 1616 629 1650 τῶν
658 1610 788 1649 ΑΒΔ
825 1607 942 1648 ἐστιν
979 1610 1060 1660 ἴση.
1128 1606 1358 1659 ἰσογώνιον
1394 1606 1477 1660 ἄρα
1506 1624 1508 1626 ·

165 1678 254 1721 ἐστὶ
285 1680 332 1720 τὸ
358 1681 494 1720 ΑΕΓ
516 1679 731 1733 τρίγωνον
760 1683 819 1733 τῷ
845 1679 974 1718 ΑΒΔ
1004 1676 1218 1732 τριγώνῳ·
1253 1677 1369 1716 ἔστιν
1394 1675 1476 1728 ἄρα

164 1749 278 1803 ὡςὴ
310 1750 400 1790 ΑΓ
423 1747 530 1803 πρὸς
560 1747 639 1801 τὴν
672 1748 769 1799 ΓΕ,
801 1745 938 1794 οὕτως
966 1744 992 1798 ἡ
1024 1749 1109 1786 ΑΔ
1137 1745 1245 1800 πρὸς
1275 1745 1354 1798 τὴν
1386 1746 1476 1784 BA.

165 1817 260 1861 ἀλλ’
289 1818 346 1868 ὡς
376 1818 402 1872 ἡ
433 1821 475 1859 A
484 1819 524 1859 Γ
546 1817 653 1872 πρὸς
683 1817 762 1869 τὴν
794 1817 892 1868 ΓΕ,
930 1814 1068 1865 οὕτως
1098 1815 1422 1868 συναμφότερος
1452 1812 1478 1866 ἡ

99 1898 142 1930 25
168 1891 262 1942 ΒΑ,
287 1892 328 1929 Α
338 1889 379 1929 Γ
407 1882 514 1942 πρὸς
543 1887 622 1940 τὴν
653 1887 756 1927 ΒΓ·
801 1886 918 1926 ἔστιν
948 1885 1031 1939 ἄρα
1068 1883 1126 1932 ὡς
1156 1884 1479 1937 συναμφότερος

166 1957 192 2011 ἡ
224 1961 318 2016 ΒΑ,
344 1961 384 1998 Α
393 1959 434 1998 Γ
457 1957 564 2012 πρὸς
593 1956 672 2009 τὴν
698 1957 790 2011 ΒΓ,
821 1954 958 2003 οὕτως
981 1952 1007 2006 ἡ
1033 1956 1117 1994 AA
1146 1953 1253 2007 πρὸς
1276 1952 1355 2005 τὴν
1380 1953 1478 1992 ΔΒ·

168 2026 346 2077 ἐναλλὰξ
374 2027 431 2076 ὡς
455 2027 780 2080 συναμφότερος
803 2023 829 2077 ἡ
849 2025 979 2065 ΒΑΓ
994 2023 1102 2077 πρὸς
1119 2023 1197 2075 τὴν
1216 2024 1313 2074 ΑΔ,
1344 2020 1480 2069 οὕτως

168 2098 194 2152 ἡ
226 2099 313 2140 ΒΓ
336 2111 445 2182 προς
472 2096 554 2149 τὴν
583 2097 678 2136 BA·
710 2096 836 2147 λόγος
866 2090 913 2134 δὲ
942 2098 1017 2146 τῆς
1046 2085 1137 2132 ΒΓ
1157 2091 1265 2145 πρὸς
1294 2091 1372 2143 τὴν
1398 2092 1478 2130 BA

261 2227 291 2258 1.
319 2224 448 2257 εὐθεῖα
468 2220 612 2266 γραμμή
632 2231 663 2254 a
737 2222 768 2254 2
793 2223 856 2263 τῆς
876 2220 976 2252 ΒΑΓ
996 2228 1028 2261 a,
1054 2216 1142 2250 item
1160 2215 1223 2251 lin
1239 2219 1269 2251 3.
1342 2218 1372 2249 5.
1363 2213 1479 2306 ὑπό]

169 2269 244 2305 ἀπό
270 2281 302 2304 a.
398 2268 523 2314 ΒΑΓ]
548 2269 620 2301 ΑΓ
640 2277 672 2302 a
781 2270 812 2301 6
840 2267 906 2299 ΕΒ
911 2275 963 2345 8.ε.
1069 2267 1099 2298 7.
1125 2262 1329 2307 ἐπεζευχθω
1353 2261 1375 2314 ἡ
1403 2263 1464 2295 ΒΔ

171 2327 240 2351 om.
266 2327 298 2351 a
383 2315 446 2350 καὶ
472 2312 570 2360 ἐπει]
597 2313 675 2348 ἐπεὶ
700 2311 768 2358 γάρ
794 2323 826 2346 a.
911 2314 941 2345 8.
968 2309 1047 2355 τόν]
1074 2319 1162 2343 corr.
1183 2319 1226 2342 ex
1250 2313 1321 2342 τῶν
1345 2310 1390 2342 m.
1406 2310 1426 2340 2
1446 2318 1479 2341 v
