1520 2508
133 117 201 152 XX
614 117 976 151 PROLEGOMENA.

128 210 192 244 καὶ
217 207 296 244 ἐπεί
378 213 422 243 24
446 207 573 244 καί-
590 221 625 253 p.
648 212 724 252 140,
744 212 766 242 4
794 209 878 255 ΓΘ]
904 209 973 244 del.
1001 210 1038 244 et
1061 221 1132 254 mg.
1154 221 1219 245 ser.
1245 208 1383 245 κείσθω
1408 222 1447 247 τε

131 260 188 296 ἐπ’
206 260 356 301 εὐθείας
373 266 416 307 τῇ
435 263 507 295 ΑΓ
520 260 543 305 ἡ
563 263 642 304 ΓΚ,
661 260 723 295 καὶ
743 261 1061 305 συμπεπληρώσθω
1080 261 1119 296 τὸ
1133 263 1204 297 ΑΘ
1221 261 1448 306 παραλληλό-

130 327 306 358 γραμμον.
355 313 419 348 καὶ
444 311 522 347 ἐπεί
548 312 643 347 ἐστιν
668 313 715 352 ὡς
739 313 762 357 ἡ
791 315 854 347 ΓΒ
878 313 969 357 πρὸς
991 313 1058 358 τὴν
1087 316 1173 357 ΖΗ,
1199 313 1312 354 οὕτως
1335 314 1357 359 ἡ
1378 316 1448 348 ΕΖ

129 365 221 409 πρὸς
243 365 311 410 τὴν
338 368 424 409 ΓΚ,
456 363 607 406 ἐναλλὰξ
633 363 722 408 ἄρα,
753 365 800 405 ὡς
823 365 846 409 ἡ
872 367 937 399 ΓΒ
965 365 1055 409 πρὸς
1078 365 1145 410 τὴν
1173 368 1258 410 ΕΖ,
1289 364 1403 406 οὕτως
1426 366 1449 411 ἡ

136 421 210 453 ΖΗ
231 418 322 462 πρὸς
346 418 413 462 τὴν
434 420 518 452 ΓΚ·
544 417 584 452 τὸ
610 416 682 460 ἄρα
706 417 777 452 ὑπὸ
802 423 873 452 τῶν
894 419 971 461 ΒΓ,
993 419 1065 452 ΓΚ
1087 417 1166 453 ἴσον
1192 417 1287 453 ἐστὶν
1310 421 1359 464 τῷ
1378 418 1451 454 ὑπὸ

130 477 202 506 τῶν
229 473 309 513 ΕΖ,
333 472 414 504 ZH.
462 470 503 504 τὸ
531 471 601 505 ΓΘ
632 469 704 513 ἄρα
736 468 815 504 ἴσον
846 467 941 504 ἐστίν
1057 483 1092 515 p.
1115 474 1191 514 140,
1211 474 1232 504 8
1263 469 1348 516 καί]
1380 470 1451 506 del.

179 527 220 557 11
248 522 456 568 ἰσογώνιον]
483 522 675 566 ἰσογώνιον
699 521 739 556 τὸ
763 524 829 556 ΑΒ
852 525 902 568 τῷ
928 523 1007 556 ΕΗ
1089 526 1132 557 15
1161 519 1259 569 ἐπεί]
1285 523 1348 558 καὶ
1373 521 1452 558 ἐπεί

177 587 213 620 p.
235 579 313 618 142,
336 578 353 608 1
380 575 451 609 ὑπὸ
473 575 586 620 ΒΓΑ]
611 574 684 609 ἀπὸ
704 579 767 608 τοῦ
789 576 886 608 ΓΛΒ
911 585 957 608 m.
974 578 1004 618 1,
1029 585 1118 609 corr.
1138 586 1185 609 m.
1200 578 1220 608 2
1290 587 1324 619 p.
1342 579 1418 618 144,
1434 578 1454 609 7

133 627 342 672 ἰσογώνιον]
377 627 569 672 ἰσογώνιον
593 627 633 661 τὸ
658 629 724 660 ΑΒ
748 629 796 672 τῷ
822 628 902 660 ΕΗ
990 639 1024 671 p.
1053 630 1130 671 146,
1157 630 1200 661 10
1230 627 1454 672 παραλληλό-

137 679 300 725 γραμμα]
325 677 681 723 παραλληλόγραμμά
706 677 774 712 εἰσι
845 682 886 712 11
914 678 999 725 ἔχει]
1028 678 1156 724 ἔχοντα
1231 683 1273 713 12
1299 678 1453 725 ἀνίσοις]

133 732 174 767 ἐν
199 730 340 772 ἀνίσοις
437 735 478 766 18
512 731 598 777 ἔχει]
629 728 699 772 ἕξει
792 743 826 775 p.
850 735 926 775 148,
947 735 966 764 2
998 730 1072 765 ἐστι
1095 731 1265 777 δοθεῖσα]
1297 730 1453 766 sofista&

134 784 208 819 ἐστι
279 787 302 818 4
326 789 390 828 τῆς
408 805 453 810 -
471 781 613 829 δοθείς]
641 782 712 817 ἔστι
737 780 777 817 δὲ
803 783 866 818 καὶ
889 788 952 828 τῆς
970 786 1034 817 AB
1059 782 1149 826 πρὸς
1172 783 1239 828 τὴν
1258 786 1330 817 ΒΓ
1349 782 1455 828 λόγος

139 834 269 877 ὃοθείς
341 840 383 870 15
409 834 508 881 ἐπεί]
533 835 596 870 καὶ
615 834 697 869 ἐπεί
765 839 807 870 18
833 835 958 881 πάλιν]
985 834 1054 870 del.
1149 847 1183 880 p.
1206 838 1283 879 150,
1303 839 1323 870 3
1347 835 1453 882 πρός]

137 888 222 922 add.
319 891 363 922 23
391 888 483 934 ΕΛ]
507 887 575 932 τὴν
602 889 672 922 ΕΔ
770 888 850 933 ΖΑ]
875 887 941 932 τὴν
969 890 1034 922 ΖΑ
1128 900 1162 932 p.
1185 891 1301 931 154,1
1328 889 1454 934 ΒΑΓ]

140 941 229 974 mut.
255 939 295 974 in
322 943 421 974 ΓΑΒ
505 943 525 973 3
551 940 670 985 ΒΑΛ]
697 941 811 975 ΗΖΘ
892 939 1029 985 ΑΘΗ]
1054 940 1143 974 mut.
1163 939 1202 973 in
1228 941 1347 975 ΘΑΗ.
1395 939 1456 974 hio

140 1004 231 1037 mg.:
257 990 482 1028 καταλείπει’
510 991 549 1027 ἐν
571 990 639 1036 γὰρ
665 993 762 1038 αὐτῷ
787 992 854 1026 εἰσι
878 991 1034 1036 τμήματι
1056 997 1121 1027 τοῦ
1145 991 1296 1027 κύκλου·
1324 991 1396 1027 ἔστι
1415 990 1456 1026 δὲ

137 1044 160 1088 ὴ
186 1045 257 1079 ὑπὸ
285 1046 399 1080 ΗΖΘ
423 1050 466 1090 τῇ
490 1044 563 1079 ὑπὸ
591 1047 691 1078 ΓΒΑ
719 1043 793 1088 ἴση·
831 1043 888 1089 ἴση
914 1043 988 1087 ἄρα
1013 1043 1085 1078 ἐστὶ
1109 1044 1171 1079 καὶ
1195 1044 1218 1089 ἡ
1243 1044 1314 1079 ὑπὸ
1341 1046 1458 1080 ΗΛΘ

137 1102 180 1143 τῇ
199 1096 270 1132 ὑπὸ
293 1099 394 1131 ΓΒΑ
465 1100 488 1130 4
508 1097 637 1141 ΘΑΗ]
659 1098 778 1131 ΑΘΗ
843 1097 969 1142 ΑΒΓ]
990 1099 1097 1130 ΒΑΓ
1163 1099 1184 1131 6
1204 1097 1321 1142 ΒΓΑ]
1341 1099 1458 1132 ΑΗΘ

187 1149 316 1195 ΘΗΛ]
338 1151 439 1183 ΒΓΑ
512 1153 532 1183 6
558 1149 685 1194 ΒΑΓ]
705 1151 813 1183 ΑΒΓ
881 1148 1010 1193 ΘΗΛ]
1033 1149 1143 1183 ΘΑΗ
1212 1152 1231 1183 ⁷
1256 1148 1358 1194 ΑΜ]
1378 1151 1458 1184 MA

186 1205 229 1235 18
257 1202 391 1247 ΘΖΗ]
417 1211 506 1236 corr.
522 1211 566 1235 ex
588 1202 704 1236 ΖΘΗ
771 1205 816 1235 24
841 1200 1012 1246 εὐθειῶν]
1038 1202 1201 1243 πλευρῶν
1272 1213 1306 1245 p.
1323 1203 1456 1245 156,11

137 1251 348 1299 διπλάσιον]
375 1264 486 1297 supra
510 1253 593 1287 add.
667 1256 709 1286 15
735 1252 822 1298 ἄρα]
849 1252 918 1287 del.
993 1256 1035 1287 16
1062 1253 1152 1299 ΒΓ]
1179 1255 1251 1287 ΒΓ
1270 1253 1343 1297 ἄρα
1416 1257 1458 1288 18

140 1304 335 1351 ἐκκείσθω]
362 1303 540 1340 ἐκκείσθω
564 1304 612 1348 δή
685 1309 726 1339 19
751 1305 887 1350 τμῆμα]
911 1310 1032 1349 τμῆμα
1057 1305 1190 1339 κύκλου
1283 1317 1318 1350 p.
1340 1308 1417 1349 158,
1437 1310 1458 1340 8

139 1358 235 1404 ΚΘ]
263 1359 340 1393 ΘΚ
433 1360 476 1390 10
504 1357 592 1402 ΖΘ]
621 1358 690 1392 ΘΖ
782 1369 816 1401 p.
838 1360 916 1401 160,
937 1360 979 1391 19
1005 1357 1058 1402 Δ]
1087 1367 1198 1401 supra
1221 1357 1305 1391 add.
1332 1356 1460 1398 δοθείς

187 1414 229 1444 22
257 1407 350 1455 ἐστί]
378 1408 447 1443 del.
542 1421 577 1454 p.
599 1412 676 1452 164,
703 1412 745 1443 17
771 1409 859 1455 ἄρα]
885 1408 956 1452 ἄρα
983 1406 1055 1443 ἐστί
1151 1412 1193 1443 18
1219 1413 1268 1452 Δ,
1286 1410 1336 1454 Α]
1362 1413 1406 1453 Α,
1426 1415 1460 1445 Δ

186 1462 274 1507 ἐστι]
300 1460 371 1496 del.
465 1473 499 1505 p.
522 1464 598 1505 166,
618 1464 638 1494 2
665 1462 750 1507 BA]
775 1464 843 1495 AB
924 1464 945 1494 3
971 1461 1061 1506 ΒΓ]
1090 1462 1153 1494 ΓΒ
1236 1464 1256 1494 5
1282 1461 1365 1506 ΑΔ]
1390 1463 1464 1496 ΑΓ

187 1520 207 1550 6
232 1514 317 1559 AB]
342 1516 412 1548 ΒΛ
506 1525 540 1557 p.
563 1515 639 1556 168,
660 1516 679 1547 5
705 1513 728 1557 ὴ
748 1512 863 1559 (311)]
888 1513 951 1548 καὶ
975 1512 997 1557 ἡ
1083 1516 1125 1547 18
1153 1513 1237 1558 ΓΒ]
1265 1515 1336 1547 ΒΓ
1414 1517 1456 1547 21

140 1567 220 1613 BA]
246 1569 311 1600 AB
395 1569 438 1599 22
464 1563 597 1610 δοθέν]
624 1576 733 1610 supra
759 1565 842 1600 add.
868 1566 931 1600 καὶ
958 1564 1043 1600 ἔστω
1127 1567 1170 1598 23
1198 1565 1323 1610 ΓΒΔ]
1350 1576 1460 1610 supra

142 1619 227 1654 add.
300 1618 424 1664 ΔΓΒ]
447 1620 520 1660 ΓΔ,
537 1619 602 1651 ΓΒ
672 1629 708 1662 p.
730 1621 806 1662 170,
826 1622 847 1652 4
866 1616 938 1652 ὑπό
952 1616 1044 1662 (alt.)
1063 1637 1109 1642 —-
1128 1620 1148 1651 5
1167 1615 1224 1662 τό]
1247 1627 1356 1662 supra
1375 1617 1459 1652 add.

189 1675 231 1706 10
257 1675 288 1706 Δ
297 1671 340 1716 Β]
366 1672 442 1705 ΔΓ
510 1673 552 1703 12
576 1675 640 1704 τοῦ
665 1669 843 1716 τετράκις]
870 1670 932 1704 καὶ
955 1674 1020 1704 τοῦ
1039 1667 1204 1713 τετράκις
1228 1668 1299 1712 ἄρα
1371 1669 1459 1716 ἄρα]

143 1724 215 1759 del.
287 1736 321 1768 p.
344 1726 422 1767 172,
442 1726 462 1756 3
487 1722 510 1768 ἡ
525 1723 621 1768 (pr.)]
645 1722 668 1767 ἡ
693 1722 764 1757 ὑπό
838 1734 873 1767 p.
895 1725 972 1766 174,
993 1725 1012 1756 7
1037 1721 1206 1767 λήψεται]
1231 1721 1462 1766 ἀπολήψεται

188 1789 222 1821 p.
245 1779 322 1820 176,
344 1779 360 1809 1
389 1773 488 1820 ἐπεί]
513 1774 577 1810 καὶ
602 1773 693 1819 ἐπεί,
716 1774 806 1810 item
823 1774 886 1809 lin.
909 1777 950 1808 17
1021 1777 1044 1807 4
1069 1770 1214 1820 εὐθείᾳ]
1241 1784 1351 1818 supra.
1375 1773 1460 1808 add.

144 1834 187 1874 τῇ
202 1831 271 1863 ΒΔ
343 1831 387 1862 20
405 1827 635 1873 ἡμικύκλιον]
656 1838 743 1861 corr.
758 1837 802 1861 ex
820 1826 955 1861 κύκλον
1024 1837 1059 1869 p.
1076 1828 1153 1869 178,
1171 1828 1214 1860 16
1233 1828 1296 1860 ΑΔ
1308 1826 1460 1870 (utrum-

143 1881 243 1926 que)]
269 1883 337 1915 ΔΑ
431 1892 466 1925 p.
489 1882 566 1923 180,
584 1883 606 1914 4
634 1879 749 1925 ΓΑΒ]
776 1882 850 1922 ΒΑ,
870 1880 942 1912 ΑΓ
1010 1881 1050 1911 11
1076 1876 1148 1912 ὑπό
1162 1877 1271 1923 (alt.)]
1295 1877 1366 1913 ὑπὸ
1388 1883 1461 1913 τῶν

190 1945 223 1977 p.
247 1936 323 1976 182,
346 1936 388 1966 15
414 1931 437 1975 ὴ
456 1931 564 1977 (alt.)]
590 1931 673 1966 add.
771 1934 813 1965 16
839 1931 929 1976 ΒΕ]
953 1929 1019 1975 τὴν
1045 1931 1114 1964 ΒΕ
1207 1932 1251 1963 25
1278 1932 1351 1973 ΒΑ,
1370 1930 1461 1976 ΑΓ]

144 1987 258 2028 ΒΑΓ,
283 1984 374 2019 item
398 1983 460 2018 lin.
482 1988 525 2018 26
605 1982 700 2018 ἔστιν
724 1982 796 2027 ἄρα
822 1983 885 2029 ὡς]
910 1982 973 2018 καὶ
997 1982 1045 2022 ὡς
1068 1981 1141 2025 ἄρα
1225 1985 1268 2017 27
1293 1981 1461 2028 ἐναλλάξ]

144 2036 297 2078 ἐναλλὰξ
317 2036 390 2080 ἄρα
461 2049 495 2081 p.
513 2039 590 2080 184,
604 2039 626 2070 4
652 2036 738 2082 EA]
758 2037 830 2070 ΔΕ
902 2038 922 2068 9
950 2034 1030 2080 ΓΒ]
1051 2036 1122 2068 ΒΓ
1190 2037 1230 2067 11
1251 2032 1346 2070 ἐστιν
1365 2033 1460 2079 ἴσον]

144 2088 224 2124 ἴσον
249 2087 321 2123 ἐστί
414 2101 449 2133 p.
472 2092 548 2132 186,
569 2092 590 2123 5
616 2088 706 2133 ΒΓ]
737 2090 809 2122 ΒΓ
828 2086 1021 2131 διάμετρος
1110 2089 1150 2119 11
1178 2085 1267 2131 ἄρα]
1292 2084 1363 2129 ἄρα
1389 2085 1467 2120 ἐστί

194 2144 235 2175 12
262 2141 350 2186 ἄρα]
377 2141 460 2175 add..
559 2144 600 2174 13
627 2140 736 2186 ἐστιν]
763 2139 831 2174 del.
923 2142 964 2172 17
989 2138 1074 2183 post
1097 2137 1214 2179 δεῖξαι
1239 2136 1321 2171 add.
1347 2135 1462 2180 τέλοςς

144 2204 179 2228 u.
206 2193 289 2238 adp.
316 2192 395 2227 crit.
491 2205 526 2237 p.
550 2197 626 2237 190,
648 2196 690 2227 17
716 2192 826 2238 ἐστιν]
851 2202 966 2235 comp.
993 2189 1077 2224 add.
1170 2201 1205 2234 p.
1228 2192 1310 2233 192,
1329 2193 1350 2223 6
1374 2190 1462 2236 τῶν]

145 2256 235 2279 corr.
262 2255 307 2279 ex
330 2244 408 2289 τήν,
434 2244 524 2279 item
549 2244 611 2279 lin.
635 2248 653 2278 7
679 2244 726 2279 in.
798 2256 832 2288 p.
856 2247 931 2286 194,
958 2246 978 2276 2
1002 2240 1106 2276 θέσει
1130 2262 1175 2267 -
1200 2244 1221 2275 3
1247 2242 1376 2287 ΒΔΓ]
1401 2239 1465 2276 καί

145 2297 214 2332 εἰσι
237 2295 459 2341 παράλληλοι
483 2295 522 2330 αἱ
549 2298 614 2330 ΕΑ
626 2299 669 2339 Ζ,
691 2298 803 2331 ΒΔΓ
880 2299 922 2330 14
949 2294 1039 2340 ΒΓ]
1065 2297 1134 2328 ΒΔ
1208 2296 1251 2327 15
1277 2291 1376 2339 ἐπεί]
1401 2294 1465 2328 καὶ
