1520 2508
623 65 842 99 SOHOLIA.
1315 63 1399 105 311

32 165 142 230 ΛΒ
173 162 200 217 ἡ
233 164 317 204 ΓΕ
346 165 418 216 ἴση
450 158 562 204 οὖσα
592 168 643 217 τῇ
676 164 730 203 Α.
786 159 877 204 ἐπεὶ
909 158 992 204 οὗν
1023 159 1143 203 ἐστιν
1174 161 1234 211 ὡς
1263 159 1290 214 ἡ
1316 163 1411 203 ΑΓ

34 235 165 291 φιρὸς
197 235 296 287 ΓΒ,
334 233 474 283 οὕτως
510 233 558 274 τὸ
595 232 682 274 ὑπὸ
719 240 808 274 τῶν
847 236 890 274 A
899 234 953 287 Γ
980 234 1080 287 ΓΕ,
1118 231 1317 274 τουτέστι
1353 233 1402 275 τὸ

28 304 141 370 μζμνπὸ
173 309 228 359 Α,
254 307 296 347 Ε
323 304 433 360 πρὸς
463 304 511 345 τὸ
543 303 628 345 ὑπὸ
655 310 744 345 τῶν
770 305 866 358 ΕΓ,
894 305 986 359 ΓΒ,
1017 302 1215 346 τουτέστι
1241 304 1290 346 τὸ
1316 303 1402 347 ὑπὸ

29 372 144 444 ’ἑτῶν
174 379 229 430 A,
253 379 316 430 A,
354 377 473 417 ἔστιν
504 371 587 417 οὖν
619 375 678 424 ὡς
708 374 734 429 ἡ
766 377 808 416 Ε
835 375 945 431 πρὸς
975 375 1057 429 τὴν
1088 379 1150 429 A,
1183 374 1323 425 οὕτως
1353 376 1402 418 τὸ

32 446 139 551 {futh
170 453 260 489 τῶν
290 450 346 501 A,
372 449 414 488 E
440 447 551 502 πρὸς
582 447 630 488 τὸ
662 446 748 488 ὑπὸ
780 453 869 488 τῶν
902 449 956 502 Α,
980 450 1034 488 A.
1451 455 1473 487 5
1507 445 1511 448 ’

35 525 59 568 322·
144 531 242 574 178.
298 532 438 572 Τοῦτό
480 540 636 585 φησιν,
681 530 767 584 ὅτι,
811 529 888 572 ἐὰν
925 526 1006 571 ὦσι
1045 519 1072 571 δ
1109 526 1286 572 ἐὐθεῖαι
1330 529 1404 572 καὶ

22 571 213 658 ἶ,τ”ἓέχωσιν
260 601 400 651 οὕτως
443 601 552 656 πρὸς
590 600 796 655 ἀλλήλας·
840 609 932 651 πῶς
969 599 1018 643 δὲ
1055 603 1231 656 ἔχωσιν;
1293 602 1404 645 ὥστε

30 647 205 728 ἕλαβεῖν
235 688 336 715 τινα
367 671 409 723 ἐξ
441 673 588 715 αὐτῶν
619 680 753 728 τρεῖς,
792 672 886 722 οἵας
923 671 979 715 ἂν
1009 673 1235 728 βούλοιτο,
1273 685 1407 729 προσ-

44 746 206 799 λαβεῖν
238 742 287 786 δὲ
317 743 390 786 καὶ
421 744 632 800 τετάρτην
664 742 884 798 ἀνάλογον
921 740 1061 786 οὖσαν
1091 752 1186 794 ταῖς
1217 747 1404 800 ληφθεί-

10 812 152 866 Ι-ἶσαις
182 817 316 872 τρισί·
355 817 473 858 ἔσται
512 815 571 865 ὡς
601 814 627 869 ἡ
659 814 840 871 τετάρτη
876 815 973 869 ἤτοι
1004 814 1030 869 ἡ
1062 818 1402 871 προσληφθεῖσα
1431 825 1473 855 10

46 888 162 944 ’πρὸς
197 888 279 942 τὴν
315 889 468 942 τρίτην
505 887 602 941 ἤτοι
639 887 720 941 τὴν
751 885 843 941 μετ’
876 886 1015 941 αὐτὴν
1046 888 1218 942 τρίτην,
1262 887 1403 938 οὕτως

49 958 80 1014 ἡ
113 957 295 1015 δευτέρα
331 959 427 1012 ἤτοι
465 958 490 1013 ἡ
523 959 628 1013 μετὰ
659 959 741 1013 τὴν
771 961 1139 1014 προσληφθεῖσαν
1176 957 1402 1014 δευτέραν,

11 1051 13 1053 ·
35 1031 164 1085 ζπρὸς
193 1029 250 1084 ἣν
279 1029 306 1084 ἡ
339 1030 488 1086 πρώτη
520 1031 655 1083 λόγον
680 1031 766 1084 ἔχει
793 1028 1033 1084 δεδομένον
1064 1029 1161 1083 ἤτοι
1186 1030 1296 1085 πρὸς
1320 1031 1402 1085 τὴν

0 1096 2 1102 “
33 1098 194 1144 ῐοῦσαν
218 1101 324 1156 μετὰ
348 1102 429 1156 τὴν
453 1104 822 1157 προσληφθεῖσαν
847 1100 1070 1156 τετάρτην,
1097 1101 1208 1156 πρὸς
1233 1100 1289 1155 ἣν
1315 1103 1402 1156 ἔχει

34 1171 80 1227 ςὴ
111 1172 261 1228 πρώτη
293 1172 389 1226 ἤτοι
420 1171 446 1226 ἡ
474 1170 516 1222 ἐξ
542 1171 677 1228 ἀρχῆς
702 1171 856 1213 εὐθεῖα
887 1171 998 1226 πρὸς
1022 1170 1162 1226 αὐτὴν
1188 1170 1401 1228 δευτέραν
1429 1179 1471 1211 15

0 1291 5 1303 Γ
51 1239 192 1286 οὖσαν
223 1244 357 1297 λόγον
388 1241 639 1298 δεδομένον.

0 1306 3 1319 “
143 1315 338 1356 ἔστωσαν
369 1313 541 1356 εὐθεῖαι
573 1310 702 1356 αὗται
733 1314 782 1356 αἱ
810 1318 865 1369 Α,
892 1316 943 1369 Β,
971 1315 1020 1368 Γ,
1046 1318 1102 1368 A,
1133 1312 1207 1356 καὶ
1239 1315 1347 1356 ἔστω
1374 1314 1401 1369 ἡ

0 1375 1232 1441 ΪμὲνΑσῶ,ἡδὲΒιῖ,ἡδὲΓῆ,ἡδὲΔξ.
1295 1383 1401 1440 λαβὲ

33 1462 165 1510 γοῦν
191 1454 232 1507 ἐξ
259 1456 407 1499 αὐτῶν
426 1464 554 1513 τρεῖς,
580 1457 676 1506 οἵας
693 1457 858 1511 βούλει,
885 1451 981 1499 οἷον
1000 1457 1081 1511 τὴν
1100 1460 1143 1499 A
1167 1455 1240 1499 καὶ
1261 1458 1343 1512 τὴν
1363 1459 1400 1499 Β

0 1547 1 1558 2
43 1526 126 1573 ,καὶ
161 1528 243 1582 τὴν
275 1530 332 1570 Γ·
377 1530 634 1583 προσλαβοῦ
670 1527 743 1570 καὶ
781 1526 933 1584 ἑτέραν
970 1527 1190 1582 ἀνάλογον
1206 1528 1400 1578 ,ταύταις
1425 1535 1471 1567 20

52 1598 150 1653 ἤτοι
180 1599 262 1653 τὴν
292 1602 350 1654 Ε,
387 1598 461 1641 καὶ
493 1601 601 1641 ἔστω
634 1589 679 1641 δ’
725 1600 835 1642 ὥστε
872 1601 958 1654 ἔχει
989 1599 1143 1649 αὐταῖς
1174 1599 1401 1653 ἀναλόγως

33 1667 150 1724 ,ἤτοι
187 1670 264 1712 τὸν
296 1671 560 1713 διπλασίονα
591 1672 737 1724 λόγον.
800 1672 886 1726 ἔχει
918 1667 1000 1713 οὖν
1031 1670 1057 1725 ἡ
1090 1670 1271 1727 τετάρτη
1303 1671 1401 1725 ἤτοι

51 1739 79 1795 ἡ
122 1745 480 1798 προσληφθεῖσα·
524 1741 705 1798 τετάρτη
749 1742 833 1797 γὰρ
878 1741 1131 1798 ἀριθμεῖται
1174 1742 1280 1796 μετὰ
1323 1742 1401 1791 τὰς

48 1819 170 1872 τρεῖς
200 1813 277 1862 τὰς
307 1815 569 1867 ληφθείσας·
600 1813 711 1868 πρὸς
741 1814 822 1867 τὴν
847 1815 999 1869 τρίτην
1024 1813 1120 1867 ἤτοι
1145 1813 1226 1867 τὴν
1253 1813 1295 1854 Γ
1319 1813 1401 1867 τὴν

49 1883 157 1938 μετὰ
200 1884 281 1938 τὴν
316 1885 648 1939 προσληθεῖσαν
692 1882 1027 1939 ἀριθμουμένην
1069 1885 1222 1939 τρίτην
1265 1885 1399 1937 λόγον
1423 1890 1470 1922 25

24 1947 387 1997 Ῐῦποδιπλάσιον.
466 1953 588 1997 θέλει
626 1960 737 2009 γοῦν
781 1957 895 2009 ἔχειν
936 1954 1076 2004 οὕτως
1118 1953 1190 1996 καὶ
1234 1954 1260 2009 ἡ
1298 1955 1398 1996 δευ-

149 2085 227 2118 178.
253 2082 310 2118 P².

70 2211 74 2215 '
147 2217 179 2248 ⁶2.
204 2213 293 2260 τῶν]
321 2224 390 2248 om.
417 2213 562 2249 lVam.
669 2213 760 2260 ΓΕ]
790 2215 853 2248 ΓΔ
879 2213 1023 2249 lVatm.
1140 2217 1171 2248 3.
1199 2215 1284 2257 ΕΓ,
1312 2213 1395 2260 ΓΒ]

51 2261 161 2295 ΕΓΒ
187 2274 225 2305 ρ,
251 2262 362 2296 ΔΕΒ
388 2262 474 2295 cett.
578 2264 611 2296 4.
638 2264 671 2295 A
691 2261 787 2306 (pr.)]
816 2263 847 2295 E
872 2259 895 2295 1.
1003 2264 1034 2295 5.
1061 2266 1134 2296 τῶν
1154 2261 1395 2307 (utrumque)]

50 2312 116 2353 τῆς
140 2307 208 2352 Ρρ.
