1520 2508
0 1479 7 1600 ‹mmmm—v-
0 1437 6 1451 »
0 1372 10 1422 ’‘y-¹:

498 77 741 112 APPENDIX
769 77 1095 112 SCHOLIORUM.
1382 77 1469 119 333

209 173 278 215 37.
329 173 392 215 Τὸ
419 177 462 215 A
493 174 579 230 ἄρα
608 174 719 230 πρὸς
745 173 795 215 τὸ
822 175 859 214 Β
891 188 932 228 p.
958 173 1059 228 218,
1084 173 1130 228 3]
1163 173 1223 224 ὡς
1254 172 1470 217 δέδεικται

120 243 169 287 ἐν
199 250 260 302 τῷ
293 243 335 290 ς’
361 245 518 301 βιβλίῳ
550 249 630 285 τοῦ
656 244 904 286 Εὐκλείδου
936 243 985 286 ἐν
1015 250 1075 302 τῷ
1106 243 1178 298 κγ’
1204 246 1470 301 θεωρήματι.

210 328 279 370 38.
321 326 451 370 Ἀλλὰ
486 324 566 382 μὲν
603 325 677 369 καὶ
715 326 741 382 ἡ
781 329 827 368 Κ
858 343 898 382 p.
925 328 1030 382 218,
1063 327 1108 382 6]
1154 326 1231 369 ἐὰν
1268 324 1349 370 ὦσι
1387 328 1469 371 δύο

120 399 308 454 εὐθεῖαι,
339 397 413 441 καὶ
444 402 598 454 ληφθῇ
630 413 697 448 τις
727 400 805 454 μία
836 398 1003 453 εὐθεῖα,
1028 397 1055 453 ἡ
1087 400 1165 454 μία
1195 406 1284 441 τῶν
1315 402 1469 456 πρότε-

119 486 203 527 ρον
238 470 348 526 πρὸς
385 471 466 525 τὴν
504 468 657 526 ἑτέραν
688 471 823 524 λόγον
861 471 947 525 ἔχει
984 470 1062 512 τὸν
1097 471 1385 525 συγκείμενον
1422 473 1469 514 ἔκ
1519 500 1520 505 =

120 557 167 584 τε
197 547 278 584 τοῦ
309 541 362 583 ὃν
393 543 480 596 ἔχει
511 539 537 595 ἡ
568 541 719 597 πρώτη
751 541 861 596 πρὸς
890 542 972 596 τὴν
1003 539 1182 595 ἔξωθεν,
1214 541 1273 590 ὡς
1304 542 1470 597 ἔτυχεν,

121 616 372 668 ληφθεῖσαν
403 610 476 654 καὶ
508 611 560 654 ὃν
591 611 617 666 ἡ
650 615 873 667 ληφθεῖσα
903 612 1014 668 πρὸς
1044 613 1126 667 τὴν
1157 610 1320 668 ἑτέραν.

211 697 279 738 39.
306 694 352 738 Ὁ
371 696 456 751 ἄρα
478 696 762 750 συγκείμενος
786 711 825 750 p.
847 696 946 750 218,
967 694 1011 750 8]
1038 702 1175 736 κεῖται
1202 692 1250 736 δὲ
1275 695 1334 745 ὡς
1358 696 1407 737 τὸ
1427 699 1470 737 A

119 768 230 823 πρὸς
260 768 309 810 τὸ
336 770 388 822 Β,
421 767 562 817 οὕτως
585 766 612 821 ἡ
638 768 685 808 Κ
710 767 820 822 πρὸς
846 769 904 808 Λ·
937 767 1046 808 ὥστε
1071 764 1144 808 καὶ
1169 765 1195 820 ἡ
1222 767 1268 807 Κ
1294 767 1404 822 πρὸς
1429 769 1470 808 Λ

120 840 255 893 λόγον
289 840 376 893 ἔχει
412 839 491 881 τὸν
522 840 810 893 συγκείμενον
847 837 893 879 ἐκ
925 845 1015 879 τῶν
1044 839 1267 893 πλευρῶν,
1305 843 1384 879 τοῦ
1417 836 1468 880 ὃν
1495 847 1520 878 1.

119 911 206 965 ἔχει
236 909 263 965 ἡ
298 912 377 952 ΓΔ
406 910 518 965 πρὸς
547 912 632 952 ΕΖ
663 907 735 951 καὶ
767 908 793 963 ἡ
830 910 919 951 ΘΓ
941 909 1051 964 πρὸς
1081 911 1184 950 ΕΗ.

427 1063 496 1106 Ad
527 1067 674 1119 λῆμμα
705 1069 784 1106 τοῦ
817 1062 962 1105 ἐπάνω
994 1078 1034 1117 p.
1060 1063 1160 1105 224.

207 1148 277 1190 40.
321 1151 427 1197 Πῶς
464 1145 603 1189 δοθέν
642 1146 733 1189 ἐστι
770 1147 818 1188 τὸ
850 1146 936 1188 ὑπὸ
968 1153 1058 1187 τῶν
1090 1147 1229 1188 ΑΒΓ
1261 1144 1469 1200 ἀμβλείας

118 1217 408 1274 ὑποκειμένης
437 1225 514 1274 τῆς
539 1221 577 1260 Β
609 1220 772 1272 γωνίας
803 1217 829 1272 ἢ
861 1216 1019 1268 ὀξειάς;
1068 1217 1117 1258 τὸ
1149 1216 1393 1272 λημμάτιον
1421 1215 1469 1258 έν

119 1296 180 1348 τῷ
211 1289 323 1332 τέλει
355 1289 568 1346 εὑρήσεις,
600 1290 712 1332 ὅπου
744 1297 924 1345 σημεῖον
955 1289 1056 1331 τόδε
1088 1304 1163 1342 αχ.
1495 1298 1520 1328 1.

431 1443 501 1487 Ad
531 1459 651 1500 prop.
684 1442 783 1486 XCI
815 1443 1048 1485 demonstr.
1081 1441 1153 1484 alt.

209 1528 277 1570 41.
321 1525 475 1570 Δοθὲν
505 1528 591 1584 ἄρα
623 1525 714 1569 ἐστὶ
744 1527 794 1569 τὸ
826 1526 912 1568 ὑπὸ
943 1533 1033 1568 τῶν
1064 1529 1150 1567 AA
1160 1528 1195 1567 Z
1231 1541 1270 1581 p.
1298 1525 1397 1580 226,
1423 1526 1469 1578 9]

120 1597 213 1641 ἐπεὶ
243 1599 327 1655 γὰρ
360 1598 592 1654 δεδομέναι
622 1597 736 1641 εἰσὶν
767 1599 816 1640 αι’
844 1602 886 1639 Α
895 1600 950 1652 Z,
978 1600 1078 1651 ΖΔ,
1108 1595 1182 1639 καὶ
1214 1597 1292 1651 ὅλη
1324 1596 1350 1651 ἡ
1383 1599 1469 1637 ΑΔ

120 1669 296 1712 δέδοται
322 1670 397 1712 διὰ
421 1671 470 1712 τὸ
496 1669 553 1725 γ’·
587 1670 697 1712 ὥστε
723 1667 902 1725 ἑκατέρα
928 1677 1017 1711 τῶν
1042 1672 1142 1723 ΑΔ,
1161 1671 1204 1710 A
1213 1670 1249 1709 Z
1281 1665 1468 1709 δέδοται.

118 1739 192 1783 καὶ
217 1741 368 1796 δῆλον,
399 1741 466 1783 ὅτι
495 1742 545 1783 τὸ
576 1739 653 1783 ὑπ’
682 1740 830 1783 αὐτῶν
854 1741 1165 1796 περιεχόμενον
1189 1738 1379 1793 δέδοται,
1410 1738 1469 1788 ὡς
1494 1747 1520 1778 2<

120 1811 169 1854 έν
200 1819 292 1862 τοῖς
323 1812 460 1869 ὅροις·
499 1813 522 1855 ὅ
553 1828 598 1855 τε
629 1813 713 1868 γὰρ
745 1813 876 1866 λόγος
906 1817 982 1866 τῆς
1012 1813 1098 1852 ΑΔ
1128 1810 1238 1865 πρὸς
1268 1810 1349 1864 τὴν
1379 1812 1468 1851 ΔΖ

119 1882 316 1939 δέδοται,
348 1883 578 1940 ἐπειδήπερ
611 1881 791 1939 ἑκατέρα
821 1889 911 1924 τῶν
942 1885 1042 1936 ΑΔ,
1067 1883 1155 1923 ΔΖ
1188 1879 1364 1922 δέδοται
1394 1881 1469 1922 διὰ

118 1955 168 1998 τὸ
200 1954 259 2010 α’,
290 1953 362 1997 καὶ
394 1956 443 1997 αἱ
470 1957 629 2009 γωνίαι
660 1952 892 2009 δεδομέναι
923 1953 1054 1995 εἰσίν·
1086 1950 1221 2007 ὀρθαὶ
1252 1951 1348 2007 γάρ.

215 2099 271 2132 37,
297 2095 388 2131 Pvl.
475 2098 530 2131 38.
557 2094 935 2138 PlVab.vMon.692.
1029 2095 1084 2128 39.
1111 2092 1180 2127 Pv.
1255 2095 1311 2128 40.
1337 2092 1465 2135 Vane,

167 2146 222 2178 41.
249 2142 518 2187 PlVa‘n.v092.

213 2275 245 2307 4.
273 2270 339 2316 μία
358 2272 456 2318 (pr.)]
483 2270 614 2316 μείζων
633 2271 694 2316 Pl,
720 2284 783 2306 -ον
809 2272 837 2305 λ.
941 2267 1130 2314 προτέρων
1156 2283 1187 2313 ρ.
1295 2273 1347 2305 11,
1381 2267 1466 2316 καί]

120 2330 190 2355 om.
217 2319 323 2355 codd.
401 2319 496 2365 ΘΓ]
525 2322 560 2354 Γ
581 2330 650 2354 om.
672 2318 778 2354 codd.
877 2322 931 2354 15.
959 2316 1115 2363 εὑρήσης
1139 2331 1170 2361 ρ.
