1520 2508
104 859 147 890 10

85 1207 147 1238 ‘15

52 1337 59 1345 ⁶
126 1371 132 1376 -
174 1340 346 1382 δέδοται
377 1338 424 1382 δὲ
454 1339 526 1382 καὶ
556 1341 582 1394 ἡ
613 1340 697 1382 ὑπὸ
722 1348 810 1382 τῶν
836 1343 971 1382 ΓΛΛ·
1002 1340 1074 1382 καὶ
1099 1341 1224 1395 λοιπὴ
1252 1343 1335 1397 ἄρα
1361 1341 1502 1397 ἡὺπὸξ

91 1547 148 1588 20

173 131 258 174 140
430 103 438 112 ¹
699 135 965 171 AEAOMENA.

172 227 516 284 αλληλογράμμῳ
561 232 657 270 ἴσον
698 231 1145 284 παραλληλόγραμμον
1185 245 1233 272 το
1277 219 1379 284 ΓΘ,
1437 252 1467 282 ι,

171 299 332 338 κείσθω
365 298 473 339 ὥστε
504 296 570 339 ἐπ’
603 298 778 347 εὐθείας
815 295 926 340 εἶναι
957 299 1036 352 τὴν
1066 301 1158 341 ΑΓ
1192 305 1243 354 τῇ
1274 302 1380 354 ΚΓ·
1432 303 1472 337 ³²
1511 321 1515 328 ¹

173 366 348 415 εὐθείας
384 367 467 421 ἄρα
505 366 593 409 ἐστὶ
628 366 700 409 καὶ
736 367 762 421 ἡ
792 370 879 409 ΛΒ
921 375 972 423 τῇ
1013 371 1104 410 ΘΒ.
1169 368 1241 410 καὶ
1277 368 1367 411 ἐπεὶ
1397 373 1453 412 ἶσ

173 434 262 476 ἐστὶ
291 436 340 476 τὸ
373 438 456 477 ΓΘ
485 443 543 493 τῷ
569 439 672 490 ΕΗ,
704 438 792 478 ἔστι
825 435 872 479 δὲ
901 436 973 479 καὶ
1006 438 1249 492 ἰσογώνιον,
1280 446 1366 480 τῶν
1397 441 1470 487 Fr,

172 507 269 546 ΕΗ
294 505 377 560 ἄρα
408 505 778 548 ἀντιπεπόνθασιν
808 508 856 548 αἱ
882 506 1064 562 πλευραὶ
1095 508 1143 549 αἱ
1168 506 1266 563 περὶ
1296 509 1371 558 τὰς
1399 507 1477 563 ἴση(

172 576 349 627 γωνίας·
394 577 511 617 ε”στιν
536 577 625 630 ἄρα
655 576 714 625 ὡς
743 576 769 630 ἡ
802 578 880 617 ΓΒ
911 577 1019 630 πρὸς
1048 576 1128 630 τὴν
1161 580 1266 629 ΖΗ,
1300 577 1435 627 οὕτως
1467 622 1471 623 ,

172 646 255 685 ΕΖ
285 645 393 699 πρὸς
423 644 502 698 τὴν
528 647 625 686 ΓΚ·
658 645 716 694 ὡς
747 643 794 687 δὲ
825 646 850 699 ἡ
876 648 955 687 ΓΒ
986 647 1093 701 πρὸς
1120 646 1199 699 τὴν
1225 649 1326 700 ΖΗ,
1357 647 1479 689 οὔτ

173 713 299 767 ἡΕΖ
329 712 403 755 καὶ
426 715 533 769 πρὸς
557 714 612 768 ἣν
637 715 662 769 ἡ
689 717 781 757 ΑΓ
805 717 936 768 λόγον
968 717 1052 769 ἔχει
1083 715 1335 770 δεδομένον·
1367 718 1478 770 λόγ

172 783 256 838 ἄρα
286 788 362 837 τῆς
392 786 484 825 ΑΓ
506 783 614 839 πρὸς
643 784 724 838 τὴν
749 786 837 825 ΓΚ
863 784 1029 834 δοθείς·
1061 785 1167 826 ὥστε
1197 783 1268 826 καὶ
1299 791 1376 827 τοῦ
1407 789 1475 827 A
1505 801 1510 844 ς

172 853 281 908 πρὸς
310 853 358 895 τὸ
385 855 479 908 ΓΘ,
510 853 704 895 τουτέστι
734 854 842 909 πρὸς
871 854 919 895 τὸ
944 857 1041 895 ΕΗ
1065 855 1192 907 λόγος
1220 853 1309 895 ἐστὶ
1334 855 1462 896 δοθεί
1475 844 1509 882 >7

258 922 314 976 μὴ
348 924 454 964 ἔστω
487 923 540 976 δὴ
568 924 813 977 ἰσογώνιον,
843 922 914 964 καὶ
940 924 1183 966 συνεστάτω
1208 925 1316 979 πρὸς
1340 931 1390 979 τῇ
1415 925 1477 966 Γ

172 991 324 1047 εὐθείᾳ
358 991 431 1034 καὶ
466 999 525 1049 τῷ
561 983 670 1048 πρὸς
703 993 809 1048 αὐτῇ
847 995 1005 1050 σημείῳ
1037 1000 1095 1050 τῷ
1127 995 1169 1035 Γ
1197 1000 1248 1048 τῇ
1284 993 1368 1035 ὑπὸ
1405 999 1481 1035 τῶ

172 1064 314 1103 ΕΖΗ
331 1064 565 1118 γωνίαῖση
589 1063 616 1116 ἡ
640 1062 725 1104 ὑπὸ
745 1070 832 1104 τῶν
850 1065 986 1116 ΒΓΛ,
1015 1061 1087 1104 καὶ
1107 1060 1490 1118 συμπεπληρώσθιῖ

172 1132 220 1174 τὸ
254 1133 352 1173 ΓΜ
374 1134 835 1187 παραλληλόγραμμον.
1478 1125 1486 1139 ⁷

261 1200 351 1243 ἐπεὶ
393 1202 575 1243 δοθεῑσοὲ
613 1201 729 1243 ἐστιν
772 1200 948 1257 ἑκατέρα
983 1209 1070 1244 τῶν
1105 1202 1190 1244 ὑπὸ
1227 1209 1314 1244 τῶν
1350 1203 1476 1244 ΑΓΒ
1493 1224 1506 1261 4

173 1273 322 1325 ΛΓΒ,
357 1270 430 1312 καὶ
461 1271 586 1325 λοιπὴ
620 1272 702 1327 ἄρα
733 1271 759 1326 ἡ
789 1271 873 1313 ὑπὸ
904 1279 992 1313 τῶν
1022 1261 1150 1313 ΑΓΛ
1181 1271 1269 1313 ἐστι
1301 1272 1506 1316 δοθεῖσα·

174 1412 295 1452 ΓΛΛ
332 1409 521 1452 δέδοται·
565 1411 673 1452 ὥστε
715 1409 887 1452 δέδοται
923 1411 971 1452 τὸ
1008 1413 1136 1453 ΑΓΛ
1177 1413 1391 1466 τρίγωνον
1432 1411 1505 1470 τῷῆζ.

173 1481 293 1522 εἴδει·
337 1482 464 1533 λόγος
500 1481 583 1535 ἄρα
620 1478 709 1521 ἐστὶ
742 1487 816 1534 τῆς
846 1483 938 1522 ΑΓ
966 1481 1074 1535 πρὸς
1109 1480 1188 1534 τὴν
1221 1483 1297 1522 ΓΛ
1333 1481 1498 1530 δοθείς

172 1548 245 1591 καὶ
276 1549 369 1591 ἐπεί
396 1548 525 1603 ἐστιν,
557 1549 615 1598 ὡς
645 1549 671 1603 ἡ
698 1551 775 1590 ΓΒ
807 1550 914 1605 πρὸς
944 1549 1024 1603 τὴν
1051 1552 1156 1603 ΖΗ,
1188 1549 1324 1599 οὕτως
1353 1549 1379 1603 ἡ
1410 1552 1451 1591 Ε
1498 1550 1499 1553 ’

172 1619 281 1674 πρὸς
310 1618 366 1672 ἣν
396 1618 422 1673 ἡ
442 1622 483 1660 A
492 1621 534 1660 Γ
557 1620 689 1672 λόγον
719 1620 804 1673 ἔχει,
829 1618 1076 1673 δεδομένον,
1107 1625 1181 1673 τῆς
1206 1616 1253 1661 δὲ
1272 1623 1314 1660 Α
1323 1621 1364 1660 Γ
1386 1612 1505 1674 πρὸξ

173 1688 252 1741 τὴν
284 1690 361 1730 ΓΛ
391 1689 518 1741 λόγος
549 1687 639 1730 ἐστὶ
670 1689 838 1742 δοθείς,
870 1689 1100 1743 ἔστινὸρα
1131 1688 1189 1738 ὡς
1218 1688 1244 1742 ἡ
1279 1690 1355 1731 ΓΒ
1385 1688 1498 1743 πρὸς

173 1758 252 1811 τὴν
285 1760 391 1811 ΖΗ,
429 1757 566 1807 οὕτως
595 1757 621 1812 ἡ
655 1760 738 1799 ΖΕ
769 1759 877 1814 πρὸς
913 1757 992 1812 τὴν
1025 1760 1112 1799 ΓΛ.
1171 1760 1248 1799 καί
1275 1757 1391 1800 ἐστιν
1422 1759 1503 1811 ἴσηέ

270 1957 301 1988 3.
327 1954 413 2010 ΔΒ]
440 1955 513 1987 ΔΕ
536 1952 571 1987 b.
653 1954 720 1988 ΘΒ
762 1953 832 1987 ΒΘ
855 1952 939 1988 vb.
1004 1956 1035 1988 4.
1052 1951 1151 2011 ἔστι]
1179 1952 1273 1988 ἔστιν
1292 1964 1325 1996 v,
1353 1951 1438 1988 ἔστω
1456 1944 1502 1988 b..³

219 2000 312 2046 τῶν]
348 1999 388 2034 τό
425 1999 459 2034 b.
585 2002 616 2034 8.
648 1997 711 2034 καί
765 2009 832 2033 om.
859 1998 922 2033 vb.
1048 2012 1094 2043 ην
1130 1999 1174 2045 η]
1217 1999 1283 2043 τήν
1321 1999 1360 2043 b,
1403 1998 1499 2036 item:

173 2046 237 2080 lin.
262 2050 317 2081 21.
429 2045 518 2080 Posfi
546 2044 746 2103 δεδομένον
778 2044 861 2079 add.
888 2045 936 2085 ὡς
960 2044 1079 2090 ἄραὴ
1107 2047 1174 2079 ΕΖ
1204 2045 1295 2089 πρὸς
1318 2045 1384 2090 τὴν
1411 2046 1508 2093 PK„

174 2105 288 2132 ουτως
322 2092 345 2137 ἡ
382 2094 450 2127 ΕΖ
485 2092 577 2135 πρὸς
611 2092 679 2136 τὴν
715 2094 787 2126 ΑΓ
820 2090 929 2136 λόγον
968 2090 1004 2137 ἔχ
1007 2104 1040 2126 ει
1057 2059 1188 2136 ηδεδομ
1190 2090 1276 2127 ένον
1311 2091 1346 2127 b.
1458 2093 1499 2127 9.

173 2140 254 2185 τοῦ]
279 2138 319 2173 τό
347 2138 381 2174 b.
497 2142 550 2173 112
582 2139 640 2184 τῇ]
665 2151 708 2182 τη
699 2138 731 2173 ’ν
756 2138 839 2173 Vah.
960 2142 1012 2172 15.
1041 2144 1114 2173 τῶν
1133 2137 1240 2184 (alt.)]
1272 2149 1340 2173 om.
1366 2138 1448 2173 Vat.
1456 2148 1500 2174 v

221 2190 274 2220 16
306 2186 394 2231 τῶν]
426 2196 494 2220 om.
520 2185 605 2220 Vat
718 2188 746 2219 A
756 2186 858 2220 ΓΛΕ
882 2184 916 2219 b.
1030 2184 1125 2220 ἐστιν
1149 2196 1182 2219 v.
1298 2187 1349 2219 17.
1382 2181 1493 2219 δέ-
1505 2191 1507 2196 ·

175 2235 227 2267 18.
255 2229 403 2266 δέδοται
422 2231 535 2277 (alt.)]
566 2230 639 2275 ἄρα
663 2230 698 2267 b.
813 2234 865 2265 17.
894 2233 985 2265 ΓΑΛ
1010 2232 1165 2266 δοθεῖσα
1188 2230 1227 2266 P.
1341 2233 1394 2265 18.
1420 2230 1498 2266 τῶνῗ

176 2281 272 2313 ΓΛΑ
294 2289 324 2313 v.
396 2277 452 2357 τόέ
478 2277 540 2313 καὶ
559 2277 599 2312 τό
622 2289 654 2312 v.
728 2281 781 2312 20.
811 2277 890 2323 ΓΒ]
917 2279 988 2311 ΒΓ
1007 2277 1091 2312 Vat.
1164 2280 1218 2312 23.
1249 2277 1337 2323 ZE]
1358 2278 1434 2311 ΗΕ
1450 2275 1499 2321 Ρ,

175 2326 404 2369 Ezsv‚Ez
456 2353 462 2359 .
1039 2327 1043 2331 ⁴
1334 2331 1337 2333 ·
