1520 2508
183 118 272 160 208
725 122 972 157 APPENDIX.
1354 151 1357 154 .
1459 0 1520 272 ἲ

204 239 211 246 “
622 291 625 294 ἢ
814 238 878 280 14.
1314 257 1315 260 ¹
1382 234 1389 239 '¹
1501 241 1515 308 ᾖ

510 301 514 305 ”
636 305 702 350 Ad
732 321 850 362 prop.
881 307 1055 350 LXVII.
1502 309 1515 368 ξ

164 401 165 404 ¹
738 386 793 428 A
801 391 939 438 λλως
1504 426 1520 482 ,Ξ

257 464 386 506 ’Ήτοι
411 467 493 522 γὰρ
519 466 544 520 ἡ
565 471 607 508 A
630 470 767 520 γωνία
792 468 907 523 ὀρθή
933 469 1091 511 ἐστιν
1074 470 1100 523 ἠ
1126 469 1240 520 ὀξεῖα
1264 470 1290 524 ἢ
1314 452 1520 544 ἀμβλεῖαὲ

136 543 155 574 5
269 537 376 576 ἔστω
413 538 624 621 πρότερόν
660 537 790 592 ὀρθή·
834 539 882 580 τὸ
920 539 1004 594 ἄρα
1046 538 1128 581 ἀπὸ
1172 540 1473 596 συναμφοτέρο
1516 545 1520 597 ξ

182 609 258 657 τῆς
287 607 419 646 ΒΑΓ
442 611 520 647 τοῦ
552 605 634 648 ἀπὸ
665 613 740 661 τῆς
770 609 859 648 ΒΓ
888 607 1083 663 ὑπερέχει
1114 615 1172 665 τῷ
1205 608 1272 659 δὶς
1301 609 1386 651 ’ὑπὸ
1417 601 1520 668 τῶνῖἰ

182 676 317 715 ΒΑΓ.
366 677 442 715 καί
469 674 557 717 ἐστι
589 681 667 717 τοῦ
699 675 766 725 δὶς
795 676 880 718 ὑπὸ
905 685 992 719 τῶν
1018 680 1150 719 ΒΑΓ
1171 679 1279 734 πρὸς
1302 679 1351 720 τὸ
1374 683 1416 720 Α
1424 665 1520 730 BH}

181 745 396 796 τρίγωνον
427 746 554 796 λόγος
584 745 743 794 δοθεί.ς
1506 780 1508 782 v

269 814 376 854 ἔστω
415 814 467 867 δὴ
505 813 619 863 ὀξεῖα
659 815 684 869 ἡ
721 814 806 856 ὑπὸ
843 822 930 857 τῶν
967 819 1110 869 ΒΑΓ,
1152 815 1224 857 καὶ
1259 817 1383 871 ἤχθω
1421 817 1515 863 ἀπὸ)

114 890 160 923 10
183 886 260 922 τοῦ
293 883 335 922 Γ
366 881 432 923 ἐπὶ
470 884 549 936 τὴν
580 886 665 924 AB
702 884 885 933 κάθετος
921 885 946 938 ἡ
986 887 1073 926 ΓΔ.
1136 884 1225 927 ἐπεὶ
1264 879 1519 942 ὀξυγώνιόνῙ

182 950 272 991 ἐστι
302 951 350 992 τὸ
382 954 519 992 ΑΒΓ
543 955 771 1007 τρίγωνον,
801 952 873 994 καὶ
903 954 1086 1003 καθετος
1115 951 1239 1007 ἦκται
1269 956 1295 1009 ἡ
1328 958 1419 1009 ΓΔ,
1451 956 1503 997 τὰ

180 1020 264 1075 ἄρα
302 1019 383 1061 ἀπὸ
421 1027 509 1062 τῶν
538 1024 670 1063 ΒΑΓ
702 1026 774 1064 ἴσα
811 1021 900 1064 ἐστὶ
936 1029 995 1079 τῷ
1026 1038 1071 1065 τε
1103 1023 1184 1065 ἀπὸ
1215 1030 1291 1078 τῆς
1320 1027 1408 1066 ΒΓ
1431 1019 1514 1067 καὶ

180 1095 239 1145 τῷ
272 1088 340 1138 δὶς
369 1090 464 1132 ὑπὸ·
485 1097 573 1132 τῶν
598 1093 733 1132 ΒΑΔ.
776 1093 926 1133 κοινὸν
950 1095 1225 1148 προσκείσθω
1251 1095 1299 1135 τὸ
1325 1093 1393 1143 δὶς
1416 1094 1500 1136 ὑπὸ

80 1202 83 1204 ,
179 1165 268 1199 τῶν
298 1161 446 1200 BAI'·
489 1160 541 1201 τὰ
572 1161 655 1215 ἄρα
686 1160 768 1202 ἀπὸ
800 1169 888 1203 τῶν
917 1164 1049 1203 ΒΑΓ
1078 1163 1181 1216 μετὰ
1211 1168 1288 1204 τοῦ
1320 1161 1388 1212 δὶς
1415 1163 1500 1206 ὑπὸ

112 1236 154 1269 15
180 1235 268 1269 τῶν
292 1231 429 1282 ΒΑΓ,
462 1229 565 1284 ὅπερ
598 1229 686 1271 ἐστὶ
716 1231 764 1272 τὸ
797 1229 878 1272 ἀπὸ
910 1231 1242 1287 συναμφοτέρου
1266 1237 1341 1285 τῆς
1364 1229 1513 1286 ΒΑΠ

112 1293 119 1299 ’
168 1301 252 1339 ἴσα
283 1297 372 1339 ἐστὶ
402 1304 461 1354 τῷ
493 1314 538 1340 τε
569 1299 652 1340 ἀπὸ
683 1305 759 1353 τῆς
780 1302 868 1341 ΒΓ
891 1299 962 1342 καὶ
986 1307 1045 1357 τῷ
1072 1300 1140 1350 δὶς
1163 1301 1247 1343 ὑπὸ
1272 1308 1359 1343 τῶν
1377 1303 1511 1343 BAA

178 1366 250 1408 καὶ
287 1369 348 1409 ἔτι
385 1383 444 1409 τω
483 1367 552 1417 δὶς
581 1368 666 1410 ὑπὸ
697 1376 785 1411 τῶν
815 1371 958 1423 ΒΑΓ,
1001 1369 1194 1411 τουτέστι
1225 1377 1283 1427 τῷ
1317 1369 1384 1420 δὶς
1414 1371 1506 1416 ὑπὸ

179 1436 512 1490 συναμφοτέρου
549 1444 624 1492 τῆς
662 1441 784 1480 ΓΑΔ
819 1438 890 1480 καὶ
926 1445 1001 1493 τῆς
1037 1442 1141 1481 AB
1186 1440 1294 1481 ὥστε
1330 1441 1378 1481 τὸ
1417 1440 1501 1482 ἀπὸ

169 1505 511 1562 ,συναμφοτέρου
542 1513 617 1561 τῆς
642 1510 774 1549 ΒΑΓ
797 1510 940 1562 μεῖζόν
972 1508 1060 1551 ἐστι
1091 1515 1168 1550 τοῦ
1201 1509 1283 1551 απὸ
1314 1515 1389 1564 τῆς
1419 1513 1456 1551 Β

110 1581 155 1612 20
179 1581 238 1631 τςό
266 1566 350 1624 ,δὶς
390 1575 475 1617 ὑπὸ
519 1577 850 1634 συναμφοτέρου
893 1584 968 1632 τῆς
1009 1581 1145 1620 ΔΑΓ
1178 1578 1251 1621 καὶ
1293 1584 1368 1633 τῆς
1407 1580 1507 1620 BA.-

177 1642 249 1685 καὶ
280 1642 369 1685 ἐπεὶ
400 1645 582 1686 δοθεῖσα
613 1646 730 1688 ἐστιν
760 1647 786 1701 ἡ
816 1646 900 1688 ὑπὸ
932 1653 1020 1688 τῶν
1050 1649 1184 1688 ΒΑΓ
1212 1650 1367 1701 γωνία,
1410 1650 1510 1691 ἔστι

179 1709 225 1754 δὲ
255 1711 327 1754 καὶ
352 1708 379 1767 ἦ
402 1710 487 1755 ὑπὸ
512 1718 708 1766 τῶνΛΔ
717 1717 759 1756 Γ
783 1717 920 1768 γωνιά
944 1716 1139 1770 δοθεῖσα,
1156 1715 1241 1757 ’καὶ
1266 1718 1392 1771 λοιπὴ
1416 1709 1510 1777 ‹²22qu

178 1782 204 1835 ἡ
234 1781 319 1824 ὑπὸ
351 1790 437 1824 τῶν
467 1785 596 1824 ΔΓΑ
627 1783 716 1834 ἐστι
747 1785 946 1826 δοθεῖσα·
981 1784 1152 1827 δέδοται
1183 1787 1266 1840 ἄρα
1297 1787 1344 1827 τὸ
1370 1790 1456 1828 ΑΔ
1503 1792 1507 1830 i

108 1927 151 1958 ‘25
178 1924 218 1961 A
228 1922 269 1961 Γ
299 1921 463 1970 δοθείς·
508 1922 616 1963 ὥστε
651 1921 723 1963 καὶ
754 1922 1084 1978 συναμφοτέρου
1122 1930 1196 1977 τῆς
1226 1926 1361 1966 ΔΑΓ
1389 1925 1472 1980 πρὸ

176 1990 255 2043 τὴν
274 1991 367 2031 ΑΓ
391 1992 519 2043 λόγος
544 1990 633 2033 ἐστὶ
659 1992 824 2041 δοθείς·
855 1991 926 2034 καὶ
951 1998 1029 2034 τοῦ
1053 1993 1137 2034 ὑπὸ
1164 1989 1510 2048 συναμφοτέρουῗ

270 2164 300 2195 5.
327 2161 416 2207 ἀπό]
442 2161 513 2196 ὑπό
539 2161 574 2196 b.
653 2167 684 2197 6.
710 2163 790 2208 τοῦ]
815 2162 855 2197 τό
880 2163 915 2198 b.
999 2166 1051 2198 11.
1077 2162 1138 2209 τά]
1163 2163 1203 2198 τό
1229 2163 1263 2198 b.
1338 2167 1389 2198 12.
1417 2163 1499 2211 ἴσα]

177 2205 256 2242 ἰσον
280 2207 314 2242 b.
416 2211 466 2243 14.
491 2207 552 2254 τά]
577 2207 617 2243 τό
642 2208 676 2243 b.
752 2208 842 2254 ἀπό]
867 2209 938 2244 ὑπό
963 2209 997 2244 b.
1097 2214 1149 2245 17.
1174 2213 1222 2256 τῷ
1242 2209 1348 2255 (alt.)]
1374 2215 1438 2244 τοῦ
1457 2209 1502 2244 b

223 2256 276 2287 18.
305 2254 412 2299 ΓΑΔ]
440 2257 531 2288 ΒΑΔ
556 2254 662 2289 uult
643 2260 719 2312 τῆς
730 2258 792 2290 ΑΔ
816 2266 849 2290 v.
936 2258 988 2290 19.
1013 2261 1077 2300 τῆς
1097 2258 1255 2290 ΒΑΓ-
1276 2259 1329 2291 20.
1355 2259 1403 2302 τῷ
1421 2254 1501 2300 δίςρ

174 2304 237 2343 τῆς
270 2301 362 2334 ΓΑΔ
395 2300 457 2334 καὶ
488 2306 551 2344 τῆς
580 2304 661 2335 ΑΒ
700 2300 787 2335 ὥστε
817 2301 857 2336 τὸ
888 2302 961 2336 ἀπὸ
994 2300 1268 2346 συναμφοτέρου
1298 2307 1361 2346 τῆς
1392 2305 1454 2337 BA
1496 2306 1514 2342 ⁹
