1520 2508
74 873 119 903 10

74 1220 116 1250 15

72 1566 118 1598 20

127 519 221 578 ,τὴν
251 521 334 559 ΕΛ
372 519 500 571 λόγος
536 517 624 560 ἐστὶ
662 519 822 568 δοθείς.
882 522 958 561 καί
987 519 1104 561 ἐστιν
1141 521 1254 576 ὀρθὴ
1293 522 1319 576 ἡ
1355 523 1475 578 πρὸς

143 79 226 119 152
668 81 935 116 AEAOMENA.
1480 107 1499 160 ξ,

141 173 269 225 λόγος
299 173 383 228 ἄρα
413 171 485 214 καὶ
516 178 590 226 τῆς
620 176 706 214 ΕΘ
734 174 843 228 πρὸς
872 175 951 228 τὴν
983 177 1061 216 ΖΛ
1093 175 1254 224 δοθείς.
1309 181 1383 230 τῆς
1413 159 1509 232 623³.

141 244 227 283 ΕΘ
267 242 376 297 πρὸς
411 242 490 296 τὴν
528 243 611 283 ΓΕ
651 243 778 295 λόγος
814 242 903 284 ἐστὶ
939 244 1107 293 ὃοθείς·
1156 243 1228 286 καὶ
1270 251 1344 299 τῆς
1382 190 1493 309 ΓΕξΞ

142 311 225 364 ἄρα
260 311 369 365 πρὸς
407 311 487 364 τὴν
519 313 597 352 ΖΛ
633 312 761 364 λόγος
797 310 885 353 ἐστὶ
917 312 1078 362 ὃοθείς.
1140 317 1210 367 ἴση
1242 312 1290 356 δὲ
1319 314 1345 367 ἡ
1377 317 1462 357 ΛΖ
1486 311 1511 353 Ξἵ

143 386 194 434 τῇ
234 382 355 435 ZBQ
383 379 672 435 [τετράγωνον
713 381 813 437 γάρ·
858 387 932 435 τῆς
972 384 1057 423 ΛΖ
1107 383 1190 437 ἄρα
1231 384 1339 439 πρὸς
1374 387 1472 442 ΕΔ,
1503 387 1514 450 g

142 450 271 502 λόγος
302 449 467 497 δοθείς·
505 450 724 503 σύγκειται
754 450 872 506 γάρ’]
920 449 993 492 καὶ
1023 457 1099 505 τῆς
1132 454 1215 493 ΓΕ
1243 453 1326 508 ἄρα
1355 454 1474 508 πρὸςΥ
1502 454 1520 508 ἰῇ

143 593 203 644 τῷ
236 590 278 628 Ε
305 589 459 640 γωνία·
491 586 664 629 δέδοται
694 589 778 644 ἄρα
808 590 856 631 τὸ
890 592 969 631 ΓΛ
999 596 1057 646 τῷ
1090 590 1208 632 εἴδει.
1479 586 1513 650 ξ’

1480 653 1487 671 ³

761 715 849 757 οθ’.

228 795 328 837 Ἐὰν
371 797 451 837 δύο
495 798 685 852 τρίγωνα
726 798 831 850 μίαν
867 799 1032 850 γωνίαν
1074 803 1152 853 μιᾷ
1187 799 1324 853 γωνίᾳ
1367 784 1491 852 ἴσηνῖ

145 867 232 921 ἔχῃ,
263 864 334 907 καὶ
364 865 447 907 ἀπὸ
479 872 566 907 τῶν
593 869 700 908 ἴσων
724 873 897 919 γωνιῶν
928 865 995 907 ἐπὶ
1021 867 1096 915 τὰς
1120 867 1266 920 βάσεις
1289 867 1466 909 κάθετοι
1487 854 1489 858 ⁴

145 935 314 976 εὐθεῖαι
340 933 531 990 γραμμαὶ
556 934 768 989 ἀχθῶσιν,
798 932 825 990 ᾖ
851 934 911 989 δέ,
943 936 1001 985 ὡς
1025 936 1051 990 ἡ
1075 942 1154 978 τοῦ
1178 937 1352 992 πρώτου
1377 952 1466 992 τρι-

144 1005 290 1057 γώνου
322 1003 448 1058 βάσις
482 1005 591 1059 πρὸς
621 1005 701 1058 τὴν
731 1005 937 1058 κάθετον,
980 1005 1118 1055 οὕτως
1153 1005 1178 1059 ἡ
1210 1011 1287 1047 τοῦ
1319 1004 1466 1061 ἑτέρου

145 1074 361 1129 τριγώνου
391 1073 518 1127 βάσις
547 1074 656 1129 πρὸς
685 1075 765 1128 τὴν
794 1074 996 1127 κάθετον,
1029 1075 1237 1127 ἰσογώνια
1269 1076 1385 1117 ἔσται
1416 1075 1468 1116 τὰ

146 1145 349 1198 τρίγωνα.

231 1214 337 1254 ἔστω
381 1213 462 1253 δύο
505 1214 695 1268 τρίγωνα
731 1213 782 1253 τὰ
819 1215 969 1266 ΑΒΓ,
1003 1215 1141 1254 ΘΖΗ
1180 1216 1274 1261 ἴσας
1317 1214 1467 1267 ἔχοντα

143 1284 304 1335 γωνίας
327 1282 404 1330 τὰς
427 1282 536 1336 πρὸς
560 1289 650 1331 τοῖς
671 1285 719 1336 Ζ,
739 1284 789 1335 Β,
814 1280 886 1323 καὶ
910 1282 1118 1335 ἤχθωσαν
1146 1281 1228 1324 ἀπὸ
1254 1289 1341 1324 τῶν
1361 1285 1409 1335 Ζ,
1428 1284 1465 1323 Β
1497 1285 1500 1286 ’

142 1351 319 1393 κάθετοι
345 1351 393 1392 αί
415 1354 511 1405 ΒΔ,
533 1354 636 1392 ΖΚ·
669 1353 775 1393 ἔστω
801 1349 862 1405 δέ,
887 1351 946 1400 ὡς
969 1350 995 1404 ἡ
1021 1355 1063 1392 A
1072 1353 1114 1393 Γ
1135 1352 1244 1407 πρὸς
1268 1351 1347 1405 τὴν
1371 1353 1468 1404 ΒΔ,

143 1420 281 1469 οὕτως
311 1420 337 1473 ἡ
366 1423 462 1462 ΘΗ
485 1421 594 1476 πρὸς
623 1421 703 1474 τὴν
727 1423 831 1461 ΚΖ·
866 1419 989 1474 λέγω,
1021 1420 1086 1462 ὅτι
1121 1420 1352 1473 ἰσογώνιόν
1378 1419 1467 1461 ἐστι
1502 1458 1504 1465 .

143 1490 191 1531 τὸ
222 1492 362 1531 ΑΒΓ
384 1492 600 1545 τρίγωνον
630 1495 689 1546 τῷ
724 1492 863 1531 ΘΖΗ
887 1490 1100 1545 τριγώνῳ.

230 1559 568 1614 περιγεγράφθω
593 1559 676 1615 γὰρ
700 1557 798 1614 περὶ
823 1559 872 1600 τὸ
895 1561 1035 1599 ΘΖΗ
1056 1560 1272 1613 τρίγωνον
1295 1559 1466 1611 κύκλος,
1504 1594 1506 1596 .

144 1625 197 1670 οὗ
227 1634 370 1683 τμῆμα
401 1630 508 1670 ἔστω
538 1629 587 1669 τὸ
617 1630 762 1681 ΘΖΗ,
793 1626 865 1669 καὶ
896 1628 1143 1669 συνεστάτω
1171 1628 1279 1683 πρὸς
1302 1634 1353 1683 τῇ
1378 1630 1473 1669 ΘΗ
1506 1645 1508 1648 ’

145 1697 297 1753 εὐθείᾳ
338 1696 410 1739 καὶ
447 1703 505 1753 τῷ
542 1698 651 1752 πρὸς
687 1697 795 1752 αὐτῇ
827 1699 986 1753 σημείῳ
1018 1702 1077 1752 τῷ
1112 1699 1149 1738 Θ
1183 1703 1235 1751 τῇ
1265 1696 1349 1738 ὑπὸ
1380 1704 1469 1738 τῶν
1507 1726 1510 1728 ψ

237 1850 268 1880 2.
296 1846 385 1904 ΕΘ]
407 1847 473 1880 ΕΛ
491 1845 526 1880 b.
602 1846 671 1879 ΓΕ
685 1845 780 1890 (pr.)]
802 1846 873 1880 ΓΘ
892 1844 926 1879 b.
1007 1847 1038 1878 3.
1068 1844 1143 1890 ΖΛ]
1170 1845 1276 1879 ΕΛΘ
1296 1843 1330 1878 b.
1405 1842 1463 1888 ἴση
1510 1826 1520 1893 ξ

146 1913 187 1918 —-
215 1896 244 1927 6.
273 1892 416 1938 δοθεις]
443 1902 511 1926 om.
538 1891 572 1926 b.
687 1894 718 1925 3.
745 1891 828 1936 AZ]
858 1893 917 1925 ZA
942 1890 1068 1925 Vahv.
1180 1894 1212 1924 4.
1236 1887 1465 1935 τετράγωνον
1512 1896 1520 1907 “

145 1959 183 1964 -
209 1941 239 1973 ὅ.
267 1937 352 1985 γάρ]
379 1938 493 1972 deleo.
608 1941 639 1972 ὅ.
673 1936 746 1972 ἐστὶ
770 1934 898 1976 ὃοθείς
926 1936 1051 1971 Vat.v.
1172 1936 1356 1982 σύγκειται
1379 1936 1448 1995 γάρ

143 1984 336 2020 ὑπόκειται
360 1983 429 2029 γάρ
454 1983 598 2028 Hardy3
625 1983 694 2018 del.
716 1982 912 2028 Gregorius
938 1984 975 2017 et
998 1982 1215 2027 Peyrardus.
1310 1985 1340 2017 9.
1368 1981 1450 2027 ἰσην

143 2042 232 2066 corr.
260 2041 304 2065 ex
330 2030 410 2066 ἴσον
433 2042 480 2065 m.
507 2034 527 2064 2
553 2041 586 2064 v.
684 2033 737 2064 10.
765 2028 785 2063 ἔ
805 2029 843 2075 η]
868 2039 957 2064 corr.
985 2039 1028 2063 ex
1055 2028 1127 2074 ἔχει
1149 2040 1196 2063 m.
1223 2032 1243 2062 2
1269 2039 1303 2072 v,
1333 2039 1402 2063 om.
1429 2028 1464 2062 b.

191 2081 244 2111 11.
272 2077 434 2123 εὐθεῖαι]
461 2087 529 2111 om.
555 2075 590 2110 b.
686 2075 724 2122 ἡ]
750 2043 834 2110 ag&
860 2087 907 2109 m.
933 2079 953 2109 2
980 2087 1012 2109 v.
1122 2078 1174 2109 12.
1200 2073 1314 2114 οὕτως
1343 2095 1374 2099 -
1410 2077 1462 2109 13.

142 2122 323 2169 κάθετον]
348 2135 420 2168 mg.
447 2134 516 2157 om.
543 2123 681 2157 aocent.
707 2133 754 2157 m.
781 2125 800 2156 1
826 2121 864 2156 P.
986 2125 1039 2155 12.
1067 2120 1181 2161 οὕτως
1199 2141 1243 2146 -
1264 2123 1318 2155 13.
1345 2119 1465 2166 βάσις]

141 2171 183 2205 οὐ
209 2169 288 2214 (sic)
312 2175 356 2215 τῇ
381 2168 484 2215 βάσει
507 2174 572 2204 τοῦ
598 2166 769 2212 δευτέρου
793 2167 828 2203 b.
931 2171 984 2202 15.
1014 2168 1147 2214 ΘΖΗ]
1176 2169 1244 2202 ΖΘ
1267 2166 1302 2200 b.
1401 2170 1454 2201 17.

141 2216 204 2262 ὡς]
231 2227 300 2251 om.
327 2215 361 2250 b.
482 2219 536 2250 20.
572 2216 691 2250 ΘΖΗ
712 2212 889 2259 τρίγωνον
933 2215 1002 2249 ΘΖ
1026 2213 1060 2248 b.
1181 2217 1234 2248 21.
1262 2209 1305 2247 οὗ
1329 2211 1370 2246 τό
1395 2212 1464 2246 Pv-

189 2266 243 2297 22.
269 2262 356 2307 τῶν]
381 2266 445 2307 τῆς
469 2261 505 2306 b,
531 2263 569 2296 et
593 2260 645 2295 sic
669 2271 735 2305 per
758 2261 875 2295 totam
926 2270 994 2294 ane
1018 2270 1120 2304 prop.
