1520 2508
626 101 765 136 DATA.
1318 97 1371 138 77

34 204 242 246 rectarum
270 200 323 240 H
327 200 377 252 Θ,
404 198 502 253 ΘΚ,
525 199 628 238 ΚΗ
653 196 952 253 magnitudine
978 196 1080 238 data
1105 197 1173 237 est
1198 193 1299 249 [def.
1323 193 1378 248 1].

33 285 132 328 ergo
156 269 397 325 triangulus
419 270 567 310 ΗΘΚ
588 269 714 310 datus
740 271 807 310 est
834 267 974 324 specie
996 267 1136 322 [prop.
1155 264 1381 320 XXXIX].

34 345 77 386 ct
100 341 301 397 quoniam
332 342 418 381 AB
439 354 448 380 ε
469 340 627 380 BF=
648 342 692 380 A
712 354 721 380 :
741 342 783 380 E
812 341 855 380 et
887 340 1122 393 Δτ-ΗΘ,
1153 337 1378 391 Ε--ΘΚ,

34 413 113 456 erit
147 414 233 455 ΑΒ
252 427 261 453 :
282 412 439 453 BF=
459 412 554 452 ΗΘ
572 425 581 451 :
605 411 702 451 ΘΚ.
763 424 913 451 rursus
952 408 1158 463 quoniam

486 482 576 522 ΒΓ
588 495 598 522 z
620 482 662 522 Γ
657 484 699 521 Α
719 500 775 514 =
795 483 838 522 E
854 495 862 521 :
887 483 922 521 Z

35 557 78 597 et
110 554 352 605 E=&K‚
399 552 643 606 Z=HK‚
692 550 775 592 erit
816 552 1112 592 BF2FA=
1137 550 1379 591 ΘΚεΚΗ.

38 624 109 667 sed
126 624 465 666 demonstratum
485 625 564 677 est,
589 636 682 663 esse
702 621 835 663 etiam
854 625 897 663 Α
904 624 942 663 Β
957 637 966 662 :
981 622 1072 662 ΒΓ
1079 640 1132 653 =
1151 621 1248 661 ΘΗ
1256 634 1264 660 :
1282 621 1380 661 ΘΚ.

35 709 162 751 quare
204 708 255 736 ex
298 707 434 748 aequo
477 696 544 734 est
584 695 672 734 AB
692 708 701 734 :
722 695 884 734 AF=
909 694 1031 734 ΘΗε
1050 693 1151 733 HK
1188 689 1259 745 [V‚
1291 689 1380 744 22].

33 764 174 819 itaque
210 765 256 808 Δ
276 766 472 806 ΑΒΓΝ
492 765 639 805 ΗΘΚ
680 763 786 819 [VI‚
823 763 881 818 5].
953 777 1105 805 uerum
1136 760 1380 817 triangulus

35 837 175 877 ΗΘΚ
201 835 325 876 datus
357 837 423 876 est
453 834 605 890 specie.
668 848 772 890 ergo
804 834 938 876 etiam
969 832 1213 889 triangulus
1246 833 1387 874 ΑΒΓ

35 906 156 948 datus
187 907 253 947 est
284 905 424 960 specie
456 905 557 960 [def.
584 904 643 960 3].

624 1023 782 1065 XLIII.

123 1098 167 1141 Si
198 1099 406 1156 trianguli
437 1100 678 1157 rectanguli
709 1100 846 1142 latera
872 1100 1128 1142 alterutrum
1156 1100 1382 1140 acutorum

42 1161 292 1225 angulorum
323 1171 731 1226 comprehendentia
760 1171 874 1212 inter
906 1185 951 1212 se
983 1169 1197 1212 rationem
1221 1169 1385 1211 habent

37 1239 190 1296 datam,
219 1240 464 1297 triangulus
497 1242 622 1283 datus
655 1244 721 1284 est
753 1241 907 1296 specie.

123 1325 223 1352 nam
263 1311 471 1368 trianguli
515 1312 757 1368 rectanguh‘
795 1314 936 1354 ΑΒΓ
971 1314 1139 1354 rectum
1181 1310 1383 1352 habentis

38 1381 240 1438 angulum
266 1384 398 1424 ΒΑΓ
420 1383 557 1425 latera
588 1384 847 1425 alterutrum
874 1385 1099 1425 acutorum
1125 1381 1384 1437 angulorum

38 1450 126 1493 eius
152 1454 290 1494 ΑΒΓ
308 1453 714 1508 comprehendentia
740 1456 834 1509 ΓΒ,
853 1456 936 1495 BA
960 1453 1074 1495 inter
1099 1468 1144 1495 se
1170 1452 1385 1494 rationem

37 1521 220 1564 habeam:
255 1524 410 1566 datam.
473 1525 586 1579 dico,
630 1524 896 1580 triangulum
928 1526 1069 1566 ΑΒΓ
1104 1524 1254 1566 datum
1291 1537 1384 1565 esse

42 1592 189 1647 specie.

124 1666 307 1718 ponatur
338 1665 452 1707 enim
483 1669 601 1708 recta
631 1666 847 1722 positione
880 1670 923 1708 et
954 1665 1254 1722 magnitudine
1285 1665 1386 1706 data

40 1735 138 1788 AE,
165 1737 207 1775 et
231 1734 277 1776 in
302 1738 393 1777 AE
415 1736 690 1779 describatur
715 1737 1011 1780 semicirculus
1037 1739 1140 1779 ΛΗ
1142 1739 1190 1778 Ε.
1240 1735 1386 1790 itaque

41 1803 326 1847 semicirculus
364 1810 408 1848 Δ
415 1810 466 1848 Η
467 1810 509 1849 Ε
550 1808 675 1850 datus
713 1811 779 1850 est
819 1808 1035 1863 positione
1074 1807 1174 1862 [def.
1209 1806 1267 1861 8].
1343 1809 1386 1848 et

0 1888 1 1891 ¹
41 1874 240 1928 quoniam
263 1877 374 1919 ratio
402 1880 482 1920 ΓΒ
502 1894 511 1920 z
532 1881 614 1921 BA
642 1879 742 1921 data
768 1883 847 1935 est,
878 1879 1070 1934 aequalis
1103 1879 1141 1920 ei
1166 1878 1244 1919 fiat
1274 1877 1386 1919 ratio

0 1972 1 1987 1
45 1946 161 1985 AE:
183 1947 228 1986 Z.
276 1949 419 2003 itaque
451 1949 583 1991 etiam
614 1950 727 1991 ratio
760 1953 852 1992 AE
870 1966 878 1991 :
902 1953 937 1991 Z
970 1950 1071 1992 data
1102 1952 1168 1991 est
1202 1948 1302 2004 [def.
1329 1948 1389 2003 2].

0 2076 2 2083 V
45 2015 119 2056 sed
166 2015 265 2058 data
306 2021 371 2060 est
412 2023 530 2062 recta
567 2024 667 2062 ΛΕ.
743 2036 873 2076 quare
919 2021 1053 2063 etiam
1092 2024 1128 2062 Z
1177 2020 1278 2062 data
1322 2022 1388 2061 est

43 2084 182 2140 [prop.
213 2086 286 2142 II].
353 2092 396 2131 et
431 2094 497 2133 est
536 2094 616 2133 ΓΒ
635 2099 677 2139 >
701 2095 783 2133 ΒΑ
822 2092 881 2147 [1,
919 2091 1002 2147 19].
1069 2091 1216 2146 itaque
1253 2090 1386 2133 etiam

44 2181 177 2218 demde
206 2184 299 2220 dem.
326 2185 444 2222 altera
472 2189 739 2235 propositionis
771 2190 828 2234 Zy'
863 2191 900 2224 et
930 2200 1076 2234 propos.
1104 2189 1163 2224 26¹
1190 2200 1307 2233 usque
1340 2190 1389 2224 ad

41 2239 77 2274 p.
94 2233 149 2275 58,
171 2234 224 2266 10.
252 2231 370 2269 δοθὲν
389 2234 473 2279 ἄρα.
548 2241 601 2273 17.
628 2243 702 2272 τῶν
723 2238 819 2283 (pr.)]
845 2236 912 2281 τήν
939 2249 979 2282 v,
1010 2238 1100 2272 mut.
1127 2236 1167 2271 in
1191 2243 1264 2272 τῶν
1290 2249 1337 2272 m.
1354 2241 1385 2271 2.

90 2280 143 2313 18.
182 2279 312 2326 αὐτοῦ]
351 2292 460 2326 supra
483 2294 530 2319 m.
559 2288 578 2318 1
605 2284 690 2319 Vat.
822 2284 906 2330 τήν]
946 2295 1035 2320 corr.
1064 2295 1108 2319 ex
1132 2290 1205 2320 τῶν
1231 2296 1277 2319 m.
1306 2289 1326 2319 2
1354 2296 1386 2319 v.

0 2336 4 2345 ·
89 2330 161 2359 τῶν
186 2329 296 2361 ΑΒΓ
315 2339 347 2362 v.
444 2333 498 2365 23.
526 2331 684 2378 A(alt.)]
710 2335 738 2366 A
764 2331 862 2377 Vat„
890 2342 979 2367 corr.
1006 2344 1053 2367 m.
1081 2336 1112 2367 2.
