1520 2508
184 113 270 154 212
730 115 975 149 APPENDm

185 210 319 250 ΑΓΕ
347 207 530 249 δοθεῖσά
561 206 695 250 ἐστιν·
736 206 908 250 δέδοται
938 209 1022 264 ἄρα
1051 209 1100 250 τὸ
1131 211 1268 250 ΑΕΓ
1295 202 1520 289 τρίγωνοῦξῑ

186 284 246 333 τῷ
283 277 400 318 ewa
461 278 589 330 λόγος
625 278 710 333 ἄρα
748 283 823 332 τῆς
861 279 939 319 ΓΑ
973 278 1082 334 πρὸς
1117 279 1197 331 τὴν
1226 281 1316 320 ΑΕ
1349 278 1499 328 δοθείς

186 345 382 387 τουτέστι
418 347 526 402 πρὸς
556 347 636 401 τὴν
667 350 769 388 ΑΖ·
814 348 922 389 ὥστε
956 346 1028 389 καὶ
1064 353 1139 401 τῆς
1169 349 1261 389 ΑΓ
1289 348 1397 403 πρὸς
1432 286 1520 420 ‘effigi

189 417 267 457 ΓΖ
311 417 439 468 λόγος
476 415 566 458 ἐστὶ
609 417 770 465 δοθείς.
839 423 915 470 τῆς
958 414 1006 458 δὲ
1042 419 1134 458 ΑΓ
1167 417 1276 472 πρὸς
1316 418 1396 471 τὴν
1433 417 1520 485 Γῆ

143 492 164 522 5
189 486 317 537 λόγος
342 483 431 526 ἐστὶ
457 485 623 534 δοθείς·
649 483 720 526 καὶ
745 491 820 539 τῆς
838 486 962 527 EP’
945 487 1028 541 ἄρα
1051 486 1160 541 πρὸς
1183 486 1263 539 τὴν
1283 487 1362 527 ΓΖ
1386 488 1490 539 λόγο

189 553 279 596 ἐστὶ
311 554 478 603 δοθείς·
511 555 619 596 ὥστε
648 553 720 596 καὶ
750 560 829 596 τοῦ
858 555 944 597 ὑπὸ
975 563 1062 597 τῶν
1092 557 1186 608 ΕΓ
1212 558 1298 596 ΑΒ
1327 556 1437 611 πρὸς
1465 490 1520 615 τῇ

187 623 272 665 ὑπὸ
304 631 392 665 τῶν
420 625 513 676 ΓΖ,
532 626 619 664 ΑΒ
650 625 777 676 λόγος
802 622 892 665 ἐστὶ
917 624 1077 673 δοθειᾜς
1125 629 1203 665 τοῦ
1235 622 1283 665 δὲ
1311 623 1396 666 ὑπὸ
1427 616 1520 688 vom}

189 695 289 746 ΑΒ,
317 695 400 734 ΓΕ
434 693 542 747 πρὸς
572 693 620 734 τὸ
652 695 789 734 ΑΒΓ
818 695 1033 749 τρίγωνον
1070 695 1199 747 λόγος
1229 692 1319 735 ἐστὶ
1349 693 1520 745 δοθείςή

190 763 298 804 ὥστε
336 761 408 804 καὶ
443 767 522 803 τοῦ
559 761 627 811 δὶς
661 762 746 804 ὑπὸ
780 765 877 817 ΓΖ,
903 766 984 804 BA
1025 764 1134 819 πρὸς
1169 764 1217 805 τὸ
1254 766 1392 805 ΑΒΓ
1425 755 1520 830 τού-ξ

123 838 166 870 10
191 846 336 885 γωνον
373 833 501 885 λόγος
538 829 629 872 ἐστὶ
665 832 825 881 δοθείς.
885 835 962 875 καί
992 832 1081 874 ἐστι
1117 833 1165 875 τὸ
1203 831 1271 882 δὶς
1306 833 1392 875 ὑπὸ
1428 831 1520 886 τῶνξ

191 903 284 955 ΖΓ,
305 904 399 954 ΒΑ,
425 896 459 957 ᾧ
484 902 628 954 μεῖζόν
653 900 743 942 ἐστι
768 902 815 942 τὸ
842 901 925 943 ἀπὸ
947 901 1279 958 συναμφοτέρου
1298 908 1373 956 τῆς
1391 905 1472 944 BA
1481 903 1520 944 Γ

189 976 267 1012 τοῦ
300 969 383 1011 ἀπὸ
408 976 483 1024 τῆς
508 972 545 1011 Β
555 971 611 1011 Γ·
644 965 678 1026 ᾧ
704 971 787 1026 ἄρα
811 972 954 1024 μεῖζόν
979 971 1069 1013 ἐστι
1099 973 1147 1013 τὸ
1178 971 1261 1013 ἀπὸ
1293 982 1520 1034 συναμφο--ἓἰ

189 1038 317 1094 τέρου
355 1045 430 1093 τῆς
461 1041 593 1080 ΒΑΓ
628 1045 706 1080 τοῦ
744 1039 826 1081 ἀπὸ
860 1046 935 1094 τῆς
966 1043 1064 1094 ΒΓ,
1108 1040 1245 1083 ἐκεῖνο
1276 1042 1323 1083 τὸ
1355 1043 1520 1097 χωρίονι

189 1109 298 1164 πρὸς
328 1109 376 1150 τὸ
408 1110 623 1164 τρίγωνον
653 1110 786 1162 λόγον
817 1111 901 1163 ἔχει
932 1109 1177 1164 δεδομένον.

83 1206 86 1207 ’
125 1230 167 1262 15
824 1224 889 1266 15.

644 1292 712 1335 Ad
744 1308 863 1349 prop.
894 1294 1063 1337 LXVII.

746 1373 949 1425 ''AM-cog.

280 1456 466 1508 Διήχθω
497 1454 523 1508 ἡ
558 1458 638 1496 BA
675 1454 744 1497 ἐπὶ
775 1457 823 1498 τὸ
855 1460 918 1510 Δ,
958 1455 1031 1498 καὶ
1060 1459 1222 1499 κείσθω
1253 1464 1304 1512 τῇ
1337 1458 1414 1499 ΓΑ
1446 1461 1520 1511 ἴση

193 1523 219 1578 ἡ
251 1527 352 1577 ΑΔ,
382 1522 455 1565 καὶ
486 1523 727 1578 ἐπεζεύχθω
759 1525 785 1579 ἡ
817 1527 915 1567 AF.

123 1600 169 1632 20
210 1634 212 1636 ,
282 1591 372 1635 ἐπεὶ
409 1590 491 1636 οὖν
527 1594 710 1636 δοθεῖσα
747 1594 864 1636 ἐστιν
900 1596 926 1649 ἡ
962 1595 1047 1637 ὑπὸ
1085 1598 1216 1638 ΒΑΓ
1251 1597 1406 1649 γωνία,
1447 1595 1520 1638 καί

195 1661 312 1704 ἐστιν
355 1662 489 1717 αὐτῆς
529 1662 700 1717 ἡμίσεια
743 1662 919 1720 ἑκατέρα
961 1672 1049 1707 τῶν
1084 1665 1168 1707 ὑπὸ
1206 1669 1291 1707 AA
1300 1667 1347 1719 Γ,
1377 1669 1419 1706 A
1428 1667 1520 1720 ΓΔ,

195 1732 379 1774 δοθεῖσα
410 1732 494 1787 ἄρα
525 1731 644 1774 ἐστὶν
669 1731 845 1788 ἑκατέρα
872 1740 960 1774 τῶν
983 1727 1068 1775 ὑπὸ
1094 1740 1182 1775 τῶν
1206 1737 1348 1789 ΑΔΓ,
1373 1736 1520 1776 ΑΓΔ·

196 1800 270 1843 καὶ
312 1802 440 1855 λοιπὴ
478 1802 561 1857 ἄρα
598 1802 624 1856 ἡ
660 1802 745 1844 ὑπὸ
777 1805 914 1844 ΔΑΓ
949 1803 1132 1845 δοθεῖσα
1169 1803 1304 1845 ἐστιν·
1347 1803 1520 1846 δέδοται

195 1871 280 1926 ἄρα
310 1871 358 1912 τὸ
390 1872 520 1912 ΑΓΔ
549 1873 765 1927 τρίγωνον
795 1878 854 1928 τῷ
885 1872 1007 1913 εἴδει·
1052 1873 1179 1925 λόγος
1215 1874 1299 1928 ἄρα
1331 1879 1406 1927 τῆς
1435 1873 1520 1915 ΑΓ

127 1947 172 1979 25
196 1940 306 1995 πρὸς
334 1940 416 1994 τὴν
447 1942 526 1982 ΓΔ
562 1941 722 1991 δοθείς.
782 1939 854 1983 καὶ
891 1940 981 1983 ἐπεὶ
1018 1941 1200 1983 δοθεῖσα
1230 1942 1349 1984 ἐστιν
1379 1943 1406 1997 ἡ
1435 1942 1520 1984 ὑπὸ

195 2008 339 2063 ΑΔΓ,
363 2011 567 2064 κατήχθω
594 2010 702 2066 αὐτῇ
723 2013 793 2064 ἴση
813 2008 989 2066 ἑκατέρα
1006 2017 1094 2052 τῶν
1111 2010 1196 2052 ὑπὸ
1216 2014 1259 2052 Δ
1266 2014 1307 2053 Ε
1313 2013 1360 2066 Γ
1379 2012 1520 2057 ΑΖΓ.·

291 2114 322 2145 1.
345 2112 483 2169 ΑΓΕ]
508 2114 622 2147 ΑΕΓ
642 2112 686 2156 P,
718 2118 789 2147 τῶν
814 2114 923 2147 ΑΓΕ
952 2112 987 2147 b.
1107 2112 1164 2158 τό]
1190 2113 1255 2147 καὶ
1277 2112 1318 2148 τό
1343 2113 1378 2147 b.
1488 2116 1520 2149 3.

195 2156 287 2200 πρὸς
310 2156 378 2201 τήν
398 2159 463 2203 (pr.
465 2159 494 2205 )]
519 2163 585 2203 τῆς
608 2158 643 2193 b.
763 2162 794 2192 4.
823 2159 904 2204 ΓΖ]
933 2161 1004 2193 ΖΓ
1023 2170 1055 2193 V.
1161 2164 1225 2203 τῆς
1249 2180 1292 2185 -
1318 2162 1350 2194 5.
1376 2157 1520 2205 &amiel

194 2202 256 2237 hic
287 2213 356 2237 om.
383 2203 424 2247 b;
462 2204 546 2240 add.
578 2206 663 2249 post
693 2203 821 2245 ὃοθείς
851 2204 914 2239 1111.
947 2208 979 2239 8.
1099 2208 1130 2240 9.
1167 2204 1254 2257 ὑπό]
1285 2205 1357 2240 ὑπὸ
1387 2211 1459 2241 τῶν
1484 2205 1520 2241 b.

244 2252 307 2284 BA
351 2253 417 2285 ΑΒ
441 2250 528 2287 Vat.
535 2216 602 2286 vbp
698 2255 751 2286 11.
782 2253 852 2286 ΖΓ
902 2253 968 2285 ΓΖ
991 2250 1076 2286 vat.
1097 2252 1198 2295 (mut.
1219 2250 1258 2285 in
1280 2254 1351 2286 ΖΓ
1369 2263 1415 2286 111.
1433 2254 1466 2296 2)
1485 2262 1520 2290 π

244 2298 308 2330 BA
360 2299 425 2331 AB
457 2297 520 2332 vb.
643 2301 696 2332 12.
728 2299 850 2342 μεῖζον
898 2307 987 2332 corr.
1014 2307 1059 2331 ex
1088 2295 1199 2342 μέσον
1223 2309 1269 2332 111.
1295 2301 1316 2332 2
1347 2309 1382 2333 v
