1520 2508
652 78 792 111 DATA.
1342 73 1396 115 73

669 171 780 214 XLI.
1427 142 1435 150 ’

148 251 193 295 Si
217 250 460 307 triangulus
485 264 620 291 unum
645 249 854 305 angulum
873 249 1023 291 datum
1047 249 1180 291 habet
1206 252 1249 291 et
1266 249 1406 291 latera

56 323 202 366 datum
244 321 452 378 angulum
495 319 903 376 comprehendentia
944 320 1158 363 rationem
1197 320 1312 362 inter
1356 334 1400 361 se

56 394 215 437 habent
245 393 402 447 datam,
432 390 677 447 triangulus
711 391 838 433 datus
872 394 938 434 est
969 391 1125 447 specie.

145 464 302 506 habeat
340 462 453 505 enim
485 461 728 517 triangulus
762 464 903 504 ΑΒΓ
932 477 1067 504 unum
1098 463 1305 518 angulum
1337 462 1406 503 da-

56 537 149 578 tum
180 537 261 576 BA
269 536 316 588 Γ,
354 536 397 575 et
426 533 564 574 latera
595 532 803 588 angulum
836 534 969 574 ΒΑΓ
999 533 1407 588 comprehendentia

58 607 149 660 BA,
174 609 216 647 Α
225 606 267 646 Γ
290 604 404 646 inter
435 618 480 645 se
510 603 724 645 rationem
756 603 946 646 habeant
978 604 1135 646 datam.
1191 604 1299 659 dieo,
1331 603 1404 646 tri-

56 676 259 733 angulum
290 677 430 717 ΑΒΓ
454 674 603 716 datum
634 689 727 716 esse
761 675 912 730 speeie.

141 750 326 802 ponatur
358 745 472 788 enim
502 748 621 788 reeta
652 749 696 787 Δ
705 748 741 787 Ζ
779 746 996 801 positione
1031 749 1075 788 et
1106 745 1404 802 magnitudine

57 816 167 871 data,
193 819 235 858 et
255 816 308 858 ad
331 818 493 857 rectam
512 818 602 857 AZ
628 818 671 857 et
690 819 902 871 punctum
922 817 967 858 in
987 831 1037 858 ea
1055 817 1248 872 positum
1271 819 1306 858 Z
1333 831 1403 857 an-

58 886 158 943 gulo
167 889 299 928 ΒΑΓ
311 885 500 940 aequalis
513 889 789 929 construatur
804 887 988 943 angulus
1002 891 1045 929 Λ
1056 890 1140 930 ΖΕ
1155 887 1302 944 [I‚23].
1331 888 1405 930 sed

774 959 898 1001 datus
937 962 1004 1001 est
1042 959 1227 1015 angulus
1266 961 1402 1001 ΒΑΓ.

354 1031 397 1064 Α
679 1019 707 1053 Z
772 1029 919 1084 itaque
935 1030 1067 1071 etiam
1081 1029 1265 1085 angulus
1281 1032 1408 1071 ΔΖΕ

775 1100 899 1142 datus
944 1102 1010 1142 est
1053 1099 1153 1155 [def.
1188 1100 1245 1155 1].
1317 1101 1404 1142 iam

776 1171 981 1227 quoniam
1014 1171 1067 1212 ad
1098 1174 1262 1213 rectam
1292 1172 1405 1226 posi-

774 1242 892 1285 tione
913 1242 1059 1283 datam
1079 1245 1167 1284 AZ
1194 1245 1237 1284 et
1257 1242 1406 1285 datum

53 1305 96 1340 B
309 1306 356 1339 Γ
773 1316 983 1368 punctum
1008 1312 1054 1354 in
1078 1328 1129 1355 ea
1151 1313 1345 1368 positum
1370 1316 1405 1355 Z

228 1397 319 1450 ΔΛ
591 1381 640 1452 IE
773 1387 892 1427 reeta
920 1383 1036 1425 linea
1066 1384 1192 1426 dueta
1225 1387 1292 1426 est
1324 1387 1409 1426 ZE

774 1456 923 1497 datum
968 1454 1159 1496 efficiens
1198 1455 1406 1511 angulum

57 1528 203 1582 AZE,
224 1529 308 1568 ZE
336 1527 435 1569 data
467 1527 548 1569 erit
577 1527 794 1582 positione
826 1525 965 1581 [prop.
991 1525 1168 1580 XXIX]
1230 1529 1273 1568 et
1304 1541 1406 1581 quo-

56 1596 173 1638 niam
209 1597 320 1639 ratio
359 1600 447 1639 BA
466 1613 475 1639 z
495 1600 590 1639 ΑΓ
626 1598 727 1639 data
763 1600 848 1653 est,
884 1596 1076 1651 aequalis
1118 1597 1156 1638 ei
1187 1597 1264 1639 fiat
1294 1597 1407 1639 ratio

58 1670 102 1708 Δ
111 1670 168 1709 Z:
185 1670 269 1709 ZE
291 1671 334 1710 et
357 1668 564 1724 iungatur
582 1672 627 1710 A
634 1672 682 1710 E.
732 1668 880 1723 itaque
907 1668 1038 1710 etiam
1060 1668 1172 1710 ratio
1194 1672 1306 1710 AZ:
1323 1672 1408 1711 ZE

59 1737 157 1779 data
187 1742 253 1780 est
285 1739 383 1794 [def.
410 1739 468 1794 2].
520 1740 594 1781 sed
619 1740 720 1782 data
746 1742 812 1782 est
837 1742 938 1781 AZ.
986 1739 1134 1794 itaque
1163 1739 1295 1781 etiam
1324 1742 1409 1781 ZE

60 1807 156 1850 data
186 1812 251 1850 est
287 1809 425 1865 [prop.
458 1810 532 1865 ll].
595 1825 747 1852 uerum
784 1810 916 1852 etiam
946 1809 1163 1865 positione
1196 1810 1296 1851 data
1329 1813 1405 1852 est.

61 1881 104 1920 et
131 1883 335 1934 punctum
367 1884 404 1922 Z
443 1882 590 1923 datum
622 1884 706 1938 est3
750 1896 880 1936 quare
919 1881 1052 1923 etiam
1083 1884 1125 1922 E
1160 1881 1308 1922 datum
1341 1884 1407 1923 est

62 1948 198 2005 [prop.
228 1950 423 2006 XXVII}
491 1953 565 1994 sed
602 1952 734 1994 etiam
771 1955 1002 2007 utrumque
1042 1955 1251 2007 punctum
1282 1955 1343 2007 A,
1371 1955 1406 1994 Ζ

61 2019 207 2061 datum
231 2023 305 2062 est.
356 2022 501 2078 itaque
532 2037 814 2078 unaquaeque
840 2025 1056 2064 rectarum
1082 2026 1126 2064 A
1135 2025 1184 2078 Z,
1204 2026 1297 2078 ZE⁷
1316 2026 1407 2065 AE

59 2090 275 2145 positione
299 2094 343 2133 et
367 2093 663 2149 magnitudine
690 2094 791 2135 data
817 2097 882 2135 est
912 2093 1050 2148 [prop.
1075 2093 1251 2149 XXVI]
1302 2109 1406 2150 ergo

59 2160 304 2216 triangulus
335 2166 378 2204 Δ
387 2165 470 2205 ΖΕ
499 2164 624 2205 datus
658 2167 724 2206 est
755 2164 897 2219 specie
930 2163 1068 2219 [prop.
1095 2163 1313 2220 XXXIX]
1364 2168 1406 2207 et

61 2231 262 2286 quoniam
300 2232 381 2274 duo
418 2234 625 2290 trianguli
663 2238 751 2276 ΑΒ
763 2237 815 2291 Γ,
847 2237 983 2276 ΔΕΖ
1026 2249 1160 2276 unum
1199 2236 1406 2292 angulum

59 2302 133 2343 uni
171 2303 329 2359 angulo
367 2305 585 2358 aequalem
622 2305 801 2361 habent,
841 2310 866 2355 L
888 2307 1028 2347 ΒΑΓ
1040 2326 1095 2340 =
1117 2309 1317 2362 LAZE,
1361 2309 1404 2348 et
