1520 2508
105 832 149 863 10

63 1178 147 1209 ‚15

103 1523 148 1555 20

104 1871 148 1902 25

174 107 259 150 238
399 111 568 144 MARINI
591 110 880 144 PHILOSOPHI
904 110 1274 146 COMMENTARIUS

262 202 568 257 ὑπογράφουσι
604 204 756 245 τοίνυν
792 204 840 244 τὸ
871 209 1130 259 τεταγμένον
1162 206 1210 247 τὸ
1241 203 1307 264 ἀεὶ
1336 206 1483 248 ταῦτ’

174 273 428 325 σωζόμενον,
452 269 555 312 καθ’
578 270 601 312 ὃ
626 271 830 325 τετάχθαι
856 271 1035 327 λέγεται,
1059 274 1154 326 ἤτοι
1179 274 1286 315 κατὰ
1309 274 1485 328 1,1.‹5'2›1÷m‘)o-,>
1513 261 1520 306 '7

174 340 200 393 ἢ
231 337 346 389 εἶδος
376 339 402 393 ἢ
433 341 539 382 ἄλλο
566 355 607 381 τι
632 347 720 382 τῶν
749 341 976 383 τοιούτων·
1019 341 1045 395 ἢ
1076 341 1148 384 καὶ
1179 340 1347 397 ἑτέρως·
1390 343 1520 398 &mg

173 409 230 462 μὴ
268 407 485 463 ἐνδέχεται
524 410 676 451 ἄλλοτε
716 411 856 459 ἄλλως
891 412 1111 465 γίνεσθαι,
1154 411 1262 453 ἀλλὰ
1298 427 1488 466 μοναχῆ
1507 429 1520 467 ᾗ

175 475 222 517 ἐν
253 475 540 533 ἀφωρισμένῳ
572 476 659 519 τινὶ
690 479 820 534 τόπῳ.
881 472 993 532 οἷον,
1031 479 1089 528 ὡς
1118 481 1238 536 τύπῳ
1275 482 1429 535 εἰπεῖν,
1485 476 1517 530 J:

173 545 246 587 διὰ
272 547 352 587 δύο
379 548 567 601 σημείων
586 545 826 600 ἑστηκότων
844 547 1094 602 γραφομένη
1120 549 1271 590 εὐθεῖα
1289 550 1462 604 τετάχθ

173 613 340 667 λέγεται
377 621 436 672 τῷ
466 617 523 670 μὴ
555 617 695 664 ἄλλως
731 615 803 657 καὶ
839 615 1031 666 ἄστάτως
1061 619 1256 670 ἄγεσθαι.
1316 620 1487 660 ἄτακτο
1508 639 1512 649 ··

173 682 224 725 δέ
258 684 375 726 ἐστιν
411 684 438 738 ἡ
476 685 548 726 διὰ
585 685 708 726 δυεῖν
744 685 1010 742 περιφέρεια·
1053 690 1277 741 πολλαχῶς
1311 688 1393 742 γὰρ
1423 703 1464 729 κ
1485 684 1520 744 '³5'

172 752 365 802 ἀστάτως
395 753 619 809 γράφεται,
651 752 722 795 καὶ
753 756 944 808 μείζονος
974 754 1045 796 καὶ
1077 755 1302 805 ἐλάττονος
1331 748 1495 819 κύκλοι
1511 757 1520 773 ’

174 820 240 863 ἐπ’
268 823 447 877 ἄπειρον
477 822 766 877 γραφομένων
795 824 868 864 διὰ
893 830 980 865 τῶν
1011 825 1091 865 δύο
1117 827 1316 879 σημείων.
1364 821 1495 879 πάλιτὲ
1518 850 1520 855 ·

173 888 220 932 δὲ
256 890 488 945 τεταγμένη
527 891 644 933 ἐστὶν
681 892 707 946 ἡ
740 893 813 934 διὰ
843 901 976 948 τριῶν
1007 897 1196 948 σημείων
1233 891 1520 950 περιφέρει

173 962 263 1001 ἔστι
299 958 348 1001 δὲ
383 959 471 1002 καὶ’
491 961 543 1001 τὰ
579 967 757 1003 τοιαῦτα
793 968 881 1004 τῶν
916 962 1203 1017 τεταγμένων,
1248 964 1305 1012 ὡς
1340 965 1388 1006 τὸ
1426 963 1514 1006 ἐπ

173 1035 247 1083 τῆς
295 1030 500 1083 δοθείσης
549 1030 723 1079 εὐθείας
772 1032 1030 1086 ἰσόπλευρον
1077 1035 1291 1087 τρίγωνον
1339 1033 1474 1086 συστή
1490 1041 1492 1044 ’
1510 1035 1520 1082 ’ᾗ

173 1102 353 1140 σασθαι·
385 1099 426 1140 εἰ
448 1100 529 1153 γὰρ
555 1098 627 1141 καὶ
652 1101 782 1154 διχῶς
808 1102 1012 1154 γίγνεται,
1037 1100 1145 1142 ἀλλὰ
1169 1101 1272 1143 καθ’
1295 1101 1483 1157 ἑκάτερο
1516 1108 1520 1160 ]

173 1167 301 1223 μέρος
331 1174 406 1222 τῆς
436 1168 612 1218 εὐθείας
641 1177 838 1223 μοναχῶς
868 1168 940 1211 καὶ
965 1169 1288 1224 ἀμεταπτώτως·
1319 1170 1391 1212 καὶ
1415 1172 1465 1226 τὴ
1492 1165 1518 1222 ⁹¹

173 1238 383 1279 δοθεῖσαν
420 1238 598 1280 εὐθεῖαν
636 1240 698 1287 εἰς
731 1239 807 1280 τὸν
837 1238 1025 1280 δοθέντα
1057 1241 1188 1292 λόγον
1219 1248 1375 1294 τεμεῖν·
1417 1255 1472 1295 μο
1511 1256 1518 1287 „a

173 1314 314 1361 ναχῶς
344 1307 425 1362 γὰρ
457 1306 512 1349 ἂν
542 1306 613 1349 καὶ
643 1314 771 1349 τοῦτο
802 1306 970 1361 γένοιτο
999 1307 1067 1349 ἐπὶ
1091 1309 1254 1364 θάτερα
1278 1315 1353 1363 τῆς
1378 1310 1465 1363 διχ·

173 1378 334 1430 τομίας.
382 1378 542 1418 ἄτακτα
567 1376 618 1418 δέ
635 1376 723 1419 ἐστι
743 1377 796 1418 τὰ
815 1378 986 1426 τούτοις
1010 1377 1311 1432 ἀντικειμένως
1330 1380 1467 1432 ἔχοντ
1492 1420 1494 1425 ,
1517 1376 1520 1424 ᾗ

173 1445 231 1494 ὡς
267 1446 315 1487 τὸ
353 1447 569 1500 σκαληνὸν
605 1448 905 1500 συστήσασθαι
941 1445 1013 1488 καὶ
1049 1448 1128 1501 τὴν
1165 1447 1344 1488 εὐθεῖαν
1374 1447 1476 1503 ἄορί
1517 1446 1520 1468 ³

173 1525 284 1563 στως
308 1523 461 1569 τεμεῖν.
497 1517 746 1571 πρόσκειται
771 1513 819 1557 δὲ
843 1522 902 1572 τῷ
928 1516 1016 1572 ὅρῳ
1041 1517 1089 1557 τὸ
1114 1515 1216 1557 καθ’
1239 1515 1262 1558 ὃ
1286 1515 1515 1558 τέτακται

173 1582 264 1625 ἐπεὶ
295 1584 482 1626 δύναταί
508 1600 550 1625 τι
580 1585 627 1626 ἓν
657 1584 729 1626 καὶ
759 1585 918 1626 ταύτὸν
949 1585 1001 1626 ὃν
1030 1591 1089 1640 πῇ
1120 1583 1199 1639 μὲν
1222 1585 1490 1643 τεταγμένον>
1519 1595 1520 1598 ’

173 1654 313 1702 ἄλλως
344 1651 391 1695 δὲ
421 1654 606 1695 ἄτακτον
636 1650 760 1707 εἶναι,
792 1648 886 1695 οἷον
910 1654 958 1695 τὸ
986 1655 1243 1708 ἰσόπλευρον
1267 1656 1480 1709 τρίγωνον

173 1718 200 1778 ᾗ
241 1721 320 1777 μὲν
364 1724 622 1778 ἰσόπλευρόν
664 1723 803 1776 ἐστιν,
851 1722 1067 1776 τέτακται,
1109 1722 1282 1776 μεγέθει
1325 1721 1372 1764 δὲ
1414 1723 1467 1765 οὐ
1483 1739 1517 1774 .,;

174 1793 354 1847 ὥρισται
384 1798 482 1834 πᾶν.

261 1862 482 1917 γνώριμον
518 1860 569 1903 δέ
597 1861 686 1903 ἐστι
722 1862 769 1902 τὸ
807 1863 1154 1915 γιγνωσκόμενον
1191 1861 1250 1910 ὡς
1278 1862 1326 1902 τὸ
1358 1861 1455 1915 δῆλ
1488 1855 1519 1905 }'

175 1931 277 1985 ἡμῖν
301 1929 373 1972 καὶ
394 1932 842 1985 καταλαμβανόμενον,
867 1930 1091 1982 άγνωστον
1116 1927 1163 1971 δε
1188 1930 1236 1971 τὸ
1255 1931 1312 1983 μὴ
1337 1930 1490 1982 γιγνώ
1512 1938 1517 1987 j

175 2002 387 2054 σκόμενον
421 1997 530 2054 μηδὲ
565 2001 999 2054 καταλαμβανόμενον
1033 1997 1112 2052 ὑφ’
1144 1999 1282 2052 ἡμῶν·
1319 1993 1413 2040 οἷον
1443 2002 1519 2052 vv'}

173 2076 312 2155 μῆκος
335 2084 430 2155 της
433 2069 540 2111 ὀδοῦ
565 2069 785 2124 γνώριμον
810 2065 919 2110 εἶναι
945 2066 1123 2121 λέγεται,
1154 2066 1256 2109 καθ’
1279 2067 1315 2121 ὅ,
1343 2069 1429 2109 πόσ

267 2199 298 2230 4
319 2194 460 2240 άλλοτε]
481 2194 569 2229 ἄλλα
583 2206 622 2229 τε
635 2194 717 2229 Vat
791 2197 822 2228 8.
843 2193 960 2238 δυεῖν]
978 2194 1083 2227 δυοῖν
1099 2192 1182 2227 Vat.
1256 2195 1286 2226 9.
1308 2189 1370 2226 καί
1383 2190 1474 2236 (alt.)
1509 2191 1517 2240 ξ

174 2253 242 2277 om.
270 2241 436 2283 Pvatffv
470 2240 552 2275 add.
585 2252 631 2275 m
659 2244 689 2275 2.
722 2239 805 2274 Vass.
926 2243 978 2274 11.
1014 2236 1242 2283 περιφέρεια]
1269 2248 1382 2282 comp
1406 2237 1462 2272 Va
1511 2251 1513 2254 ⁴

223 2291 274 2322 15.
301 2286 364 2322 καί
383 2290 447 2331 (pr
451 2287 478 2332 )]
505 2298 619 2331 comp
643 2286 682 2330 P,
709 2297 776 2320 om.
797 2285 880 2320 vat.
977 2288 1030 2319 25.
1056 2283 1223 2330 16(a1t)]
1249 2284 1465 2328 suspectum.
1510 2280 1517 2326 ξ’
