1520 2508
674 92 815 127 DATA.
1337 92 1420 133 147

87 197 92 200 ’
164 188 250 230 sint
280 188 364 230 duo
396 187 604 244 trianguli
635 190 723 229 AB
734 190 780 242 F,
805 190 940 230 AEZ
977 188 1091 230 inter
1126 202 1170 230 se
1207 188 1423 231 rationem

74 259 279 302 habentes
305 259 462 314 datam,
494 261 538 301 et
565 258 713 315 anguli
740 259 793 300 ad
819 263 872 315 A,
892 262 937 300 A
959 259 1093 314 positi
1120 262 1195 301 aut
1221 260 1422 314 aequales

75 330 161 373 sint
191 332 266 372 aut
295 329 560 385 inaequales,
599 330 674 371 sed
705 330 806 371 dati.
870 330 982 384 dico,
1022 344 1133 386 esse,
1167 334 1217 372 ut
1248 333 1336 372 AB
1368 331 1423 373 ad

73 403 179 456 ΔΕ,
207 400 269 442 ita
299 404 344 442 A
353 404 388 442 Z
421 401 474 442 ad
506 416 600 443 eam
630 403 806 456 rectam,
840 401 894 442 ad
926 416 1056 457 quam
1088 404 1131 443 A
1140 404 1182 443 Γ
1206 401 1422 444 rationem

72 472 227 514 habeat
257 472 413 513 datam.

159 542 410 597 expleantur
441 542 556 584 enim
586 541 997 598 parallelogramma
1028 546 1071 584 Α
1078 545 1135 596 Η,
1160 545 1263 584 ΛΘ.

158 615 201 655 et
226 613 429 669 quoniam
453 612 567 655 ratio
592 612 638 657 Δ
653 615 794 654 ΑΒΓ
807 628 815 654 :
835 612 939 657 ΔΛ
947 616 988 654 Ε
997 616 1032 654 Ζ
1058 614 1159 655 data
1185 616 1263 668 est,
1289 613 1421 655 etiam

71 683 180 726 ratio
211 683 606 740 parallelogrammi
637 686 734 726 AH
765 684 818 725 ad
848 684 1303 740 parallelogrammum
1328 687 1373 726 Δ
1383 687 1421 726 Θ

390 811 698 995 ss
963 836 1098 957 fg

287 1016 329 1048 B
341 996 388 1057 <5
676 926 806 1102 >F
827 972 1012 1073 EX—s—
1034 959 1190 1067 ᾖ--Χ->Ζ

69 1342 167 1384 data
192 1341 330 1399 [I‚41;
356 1342 436 1384 def.
452 1343 510 1396 2].
554 1342 642 1384 iam
669 1342 874 1397 quoniam
901 1343 984 1384 duo
1010 1343 1418 1399 parallelogramma

67 1416 178 1469 AH,
202 1417 245 1455 A
255 1416 292 1456 Θ
326 1413 441 1456 inter
478 1428 523 1455 se
561 1412 775 1455 rationem
811 1413 974 1455 habent
1006 1414 1152 1456 datam
1191 1417 1234 1456 et
1265 1414 1312 1456 in
1344 1430 1417 1457 an-

69 1484 178 1540 gulis
211 1487 311 1527 sunt
343 1487 418 1527 aut
450 1484 701 1539 aequalibus
734 1487 809 1526 aut
840 1484 1153 1541 inaequalibus,
1188 1485 1263 1527 sed
1289 1485 1417 1542 datis,

69 1554 161 1611 erit,
188 1558 238 1597 ut
263 1558 349 1597 AB
382 1555 435 1598 ad
460 1546 561 1611 ΔΕ,
591 1555 655 1597 ita
678 1558 723 1597 Δ
732 1558 768 1597 Ζ
795 1555 847 1597 ad
874 1570 969 1597 eam
991 1558 1173 1611 rectam,
1205 1557 1259 1598 ἃᾶ
1285 1571 1416 1611 quam

69 1629 110 1667 Α
119 1627 160 1668 Γ
182 1626 395 1669 rationem
424 1626 558 1668 habet
590 1626 736 1668 datam
769 1625 909 1681 [prop.
935 1625 1151 1681 LXXIV].

637 1743 831 1786 LXXVI.

156 1813 202 1857 Si
223 1815 271 1858 in
294 1816 514 1872 triangulo
541 1815 682 1871 speeie
709 1815 810 1857 dato
838 1830 863 1856 a
888 1815 1051 1857 uertice
1079 1815 1142 1856 ἃᾶΣ
1157 1815 1298 1857 basim
1320 1830 1414 1870 per-

68 1886 349 1940 pendicularis
387 1887 579 1942 ducitur,
624 1887 753 1928 dueta
784 1889 904 1928 reeta
942 1886 995 1927 ad
1025 1885 1167 1927 basim
1199 1885 1415 1928 rationem

68 1954 199 1997 habet
230 1956 384 1999 datam.

157 2026 214 2068 sit
243 2026 484 2084 triangulus
517 2027 657 2083 specie
684 2027 810 2068 datus
837 2028 983 2082 ΑΒΓ,
1014 2029 1058 2067 et
1083 2027 1266 2068 ducatur
1292 2028 1345 2069 ab
1372 2031 1415 2069 A

68 2096 120 2138 ad
149 2098 239 2139 ΒΓ
261 2098 627 2158 perpendicularis
654 2101 751 2139 AA.
808 2097 917 2152 dico,
947 2097 1163 2139 rationem
1196 2101 1283 2139 ΑΔ
1302 2114 1311 2140 :
1331 2100 1423 2140 ΒΓ

66 2166 209 2209 datam
240 2183 345 2210 esse,

151 2252 252 2280 nam
295 2239 500 2293 quoniam
544 2238 588 2283 Δ
615 2241 756 2281 ΑΒΓ
795 2238 935 2294 speeie
979 2239 1105 2280 datus
1150 2242 1235 2295 est,
1283 2239 1415 2281 etiam

66 2311 93 2356 L
118 2311 248 2350 ΑΒΔ
291 2309 416 2351 datus
460 2309 542 2352 erit
591 2309 691 2364 [def.
727 2309 785 2364 3].
864 2324 1015 2351 uerum
1059 2309 1190 2351 etiam
1235 2313 1261 2359 L
1288 2312 1416 2351 BAA

1124 2378 1194 2412 10*
