1520 2508
98 162 101 164 ,
157 125 241 167 180
473 89 475 91 ¹
563 154 565 157 .
626 88 630 93 .
680 122 946 161 ΔΕΔΟΜΕΝΑ.

241 221 402 273 κύκλου
433 220 515 274 γὰρ
548 218 782 274 δεδομένου
819 226 869 276 τῇ
892 219 1020 262 ’θέσει
1050 225 1128 261 τοῦ
1158 222 1247 261 ΒΓ
1271 221 1465 275 εἰλήφθω
1498 216 1514 255 '1³‘

156 305 197 330 τι
228 296 405 343 σημεῖον
436 289 557 338 ἐντὸς
586 290 634 331 τὸ
665 292 706 331 A
737 288 890 343 δοθέν,
927 290 1000 330 διὰ
1037 287 1085 331 δε
1115 295 1192 331 τοῦ
1222 293 1264 331 Α
1301 290 1467 344 διήχθω
1494 279 1499 330 s

156 374 220 408 τις
256 358 407 400 εὐθεῖα
442 358 468 412 ἡ
507 360 604 400 ΓΒ·
647 357 775 413 λέγω,
812 359 877 400 ὅτι
915 357 1148 436 δεδομένον
1182 357 1271 400 ἐστὶ
1306 360 1354 401 τὸ
1383 359 1467 402 ὑπὸ
1500 359 1520 414 ³3

156 435 243 469 τῶν
275 430 408 469 ΓΑΒ.
1518 418 1520 423 ’

108 505 130 535 5
189 522 192 525 -
241 498 438 552 εἰλήφθω
475 498 557 553 γὰρ
594 498 641 539 τὸ
678 496 858 553 κέντρον
894 503 971 538 τοῦ
1007 495 1169 539 κύκλου
1210 498 1258 539 τὸ
1294 502 1355 551 Δ,
1397 497 1467 540 καὶ
1517 510 1520 527 ¹

155 566 450 625 ἐπιζευχθεῖσα
485 566 511 620 ἡ
550 570 635 608 ΛΔ
670 567 837 621 διήχθω
881 565 949 609 ἐπὶ
986 567 1038 608 τὰ
1077 569 1130 622 Z,
1155 570 1203 608 E.
1264 566 1353 608 ἐπεὶ
1389 565 1468 610 οὗν
1516 570 1520 623 ξ

156 635 291 678 δοθέν
328 635 444 690 ἐστιν
482 635 684 692 ἑκάτερον
719 643 806 678 τῶν
841 640 902 690 A,
928 640 988 690 A,
1031 635 1152 678 θέσει
1183 637 1265 692 ἄρα
1295 635 1412 678 ἐστὶν
1442 636 1467 691 ἡ
1516 627 1517 630 ¹

155 709 251 748 AA.
310 704 431 747 θέσει
463 699 611 747 δὲκαὶ
643 706 665 748 ὁ
699 707 822 747 ΓΒΖ
859 706 1032 755 κύκλος”
1076 704 1210 748 δοθὲν
1241 707 1323 761 ἄρα
1355 705 1470 748 ἐστὶν
1503 678 1511 739 ζ

156 774 356 831 ἑκάτερον
386 782 473 817 τῶν
499 778 548 829 Ζ,
573 778 622 816 Ε.
671 776 759 816 ἔστι
792 772 839 816 δὲ
862 774 934 816 καὶ
958 776 1006 817 τὸ
1033 779 1075 816 A
1105 774 1256 817 δοθέν·
1289 776 1472 817 δοθεῖσα

87 853 131 884 10
157 846 239 900 ἄρα
270 843 386 886 ἐστὶν
417 843 593 899 ἑκατέρα
623 851 710 886 τῶν
742 847 846 898 ΖΑ,
871 847 978 886 ΑΕ·
1023 842 1157 886 δοθὲν
1188 845 1270 900 ἄρα
1301 843 1390 886 ἐστὶ
1421 845 1468 886 τὸ

78 964 80 967 v
154 914 239 956 ὑπὸ
275 921 362 955 τῶν
395 917 497 968 ΖΑ,
529 917 625 955 ΑΕ.
696 916 772 955 καί
805 914 922 956 ε’στιν
961 918 1057 955 ἴσον
1094 920 1153 970 τῷ
1195 913 1279 956 ὑπὸ
1317 907 1469 955 ΒΑΓ·
1496 916 1507 961 ζ

158 981 292 1026 δοθὲν
323 984 406 1039 ἄρα
437 982 526 1025 ἐστὶ
556 981 628 1025 καὶ
658 983 706 1025 τὸ
730 982 819 1029 ,ὑπὸ
851 990 938 1025 τῶν
971 984 1106 1024 ΓΑΒ.

770 1148 853 1187 (17-

240 1214 339 1257 Ἐὰν
358 1216 419 1265 εἰς
436 1216 598 1257 κύκλον
617 1213 850 1269 δεδομένον
868 1221 927 1271 τῷ
947 1213 1119 1269 μεγέθει
1138 1215 1287 1256 εὐθεῖα
1299 1215 1469 1269 γραμμὴ

89 1293 132 1324 15
158 1285 272 1341 ἀχθῇ
304 1285 670 1340 ἀπολαμβάνουσα
700 1290 840 1339 τμῆμα
872 1285 1104 1339 δεχόμενον
1133 1286 1296 1337 γωνίαν
1327 1285 1470 1326 δοθεῖέ

157 1367 257 1409 σαν,
290 1353 371 1416 ’καὶ
407 1354 433 1408 ἡ
466 1354 513 1396 ἐν
546 1360 605 1411 τῷ
627 1355 819 1408 τμήματι
855 1355 992 1407 γωνία
1029 1354 1128 1407 δίχα
1163 1358 1325 1409 τμηθῇ,
1368 1365 1470 1395 συν-

157 1427 392 1479 αμφότεροι
423 1425 471 1466 αἱ
499 1425 579 1478 τὴν
609 1422 846 1478 δεδομένην
875 1425 1038 1476 γωνίαν
1065 1422 1337 1478 περιέχουσαι
1364 1423 1472 1476 πρὸς
1508 1431 1509 1435 ’

157 1495 236 1549 τὴν
273 1495 372 1548 δίχα
407 1492 651 1548 τέμνουσαν
689 1494 768 1547 τὴν
803 1495 968 1545 γωνίαν
1005 1494 1136 1545 λόγον
1172 1491 1314 1542 ἕξουσι
1351 1493 1471 1534 δεδο-

157 1562 305 1619 μένον,
341 1562 413 1604 καὶ
446 1564 493 1605 τὸ
524 1563 609 1604 ὑπὸ
641 1561 971 1617 συναμφοτέρου
1007 1569 1095 1604 τῶν
1124 1563 1204 1616 τὴν
1235 1549 1470 1617 δεδομένην

87 1640 134 1672 20
158 1635 322 1687 γωνίαν
339 1639 631 1689 περιεχουσῶν
651 1632 836 1674 εὐθειῶν
859 1630 931 1672 καὶ
950 1637 1025 1685 τῆς
1043 1632 1155 1673 κάτω
1176 1631 1473 1686 ἀπολαμβανο-

102 1732 105 1734 -
157 1702 287 1758 μένης
323 1702 405 1744 ἀπὸ
441 1691 529 1756 τῆςΔ
554 1703 653 1756 δίχα
689 1702 925 1756 τεμνούσης
963 1702 1043 1755 τὴν
1078 1703 1242 1754 γωνίαν
1276 1701 1384 1755 πρὸς
1422 1707 1473 1755 τῇ

156 1774 406 1829 περιφερείᾳ
436 1769 570 1814 δοθὲν
601 1773 730 1813 ἔσται.

225 1843 307 1891 ἐἰς
342 1842 423 1897 γὰρ
460 1842 621 1893 κύκλον
661 1838 894 1894 δεδομένον
930 1845 988 1896 τῷ
1026 1838 1194 1894 μεγέθει
1230 1839 1306 1881 τὸν
1344 1840 1479 1880 ΑΒΓ
1511 1875 1512 1878 ,

253 1994 284 2026 1.
309 1995 352 2036 τῇ
377 1988 481 2025 θέσει
505 1987 707 2047 δεδομένου
733 1994 764 2023 a
866 1991 897 2023 2.
924 1985 1040 2022 δοθεν
1065 1987 1104 2022 τὸ
1129 1990 1158 2021 Α
1184 1998 1216 2024 a
1312 1990 1342 2022 3.
1369 1987 1472 2022 δεδο-
1510 1985 1512 1989 ’

163 2035 274 2082 μένον
299 2035 393 2082 ἐστί]
418 2034 535 2071 δοθέν
561 2047 592 2070 a.
672 2038 703 2070 4.
729 2034 815 2080 τῶν]
840 2039 903 2079 τῆς
928 2045 960 2079 a,
986 2034 1076 2068 item
1099 2033 1163 2069 lin.
1191 2037 1221 2078 7,
1247 2036 1279 2078 9,
1305 2037 1358 2068 11.
1439 2036 1470 2068 5.

159 2083 201 2118 τό
221 2083 298 2128 (alt.
300 2084 328 2129 )]
353 2088 417 2118 τοῦ
444 2094 475 2118 a.
595 2086 625 2116 6.
651 2081 729 2127 ΑΔ]
754 2085 816 2116 ΔΑ
841 2092 872 2116 a.
994 2082 1035 2124 E,
1059 2083 1085 2114 Z
1109 2091 1172 2115 va.
1290 2083 1320 2114 8.
1349 2081 1413 2114 ΓΒ
1425 2079 1511 2125 Ζ]-

163 2132 228 2164 ΓΒ
253 2141 284 2164 a.
370 2132 401 2164 9.
429 2127 597 2172 ἑκάτερος
622 2139 654 2162 a.
731 2126 825 2162 ἔστιν
851 2138 883 2161 v.
968 2130 1021 2162 10.
1048 2124 1143 2161 ἐστίν
1168 2147 1211 2151 -
1237 2125 1324 2172 ἄρα]
1350 2136 1418 2160 0111.
1439 2136 1471 2160 a.

208 2174 301 2221 ἐστι’]
327 2173 423 2211 ἐστίν
448 2188 480 2210 v.
554 2178 607 2209 11
632 2173 704 2208 ὑπὸ
729 2179 792 2218 τῆς
818 2175 911 2208 ΓΑΒ
938 2184 970 2218 a,
996 2172 1085 2207 item
1104 2172 1240 2207 1111.12.
1313 2175 1366 2206 13.
1393 2171 1472 2217 εἴγ’]

163 2222 225 2267 οβ’
251 2223 348 2266 Vat„
374 2222 473 2265 edd.;
505 2221 568 2267 (36¹
595 2222 684 2267 βω)
797 2223 850 2256 16.
881 2202 1012 2266 καί]ἡ
1038 2217 1135 2265 δ’β.
1245 2218 1334 2253 Post
1358 2216 1472 2262 γωνία

162 2268 246 2303 add.
273 2269 426 2303 δοθεῖσα
452 2269 483 2314 β.
568 2266 838 2311 συναμφότερος
862 2266 894 2311 β.
991 2269 1044 2312 19.
1070 2264 1156 2322 ὑπό]
1181 2264 1254 2299 ἀπό
1278 2265 1310 2310 β.
1389 2275 1472 2299 συν-

161 2313 378 2360 αμφοτέρων
407 2314 490 2349 Vat.
609 2313 701 2358 τῶν]
733 2318 796 2348 τοῦ
827 2313 858 2358 β.
978 2305 1199 2357 δεδομένην]
1231 2312 1408 2346 δοθεῖσαν
1438 2311 1470 2356 β.
