1520 2508
566 137 575 144 ,
609 105 750 138 DATA.
975 139 983 149 ,
1181 77 1188 85 ’
1303 97 1356 139 31

14 212 15 220 ¹
67 207 120 249 H
130 221 143 248 ε
161 206 242 248 ΓΖ
284 203 384 245 data
419 204 496 244 est.
568 201 670 242 data
707 201 773 241 est
811 200 956 240 autem
994 198 1086 239 ΓΖ.
1154 195 1256 237 data
1293 197 1363 236 est

22 277 156 333 igitur
190 274 320 317 etiam
354 276 398 315 Α
406 274 458 314 Η
490 271 627 327 [prop.
659 269 736 326 11].
810 272 877 311 est
913 271 1069 316 autem,
1101 265 1234 309 etiam
1270 268 1365 307 AE

22 348 133 390 data.
193 359 320 400 quare
358 337 488 386 etiam
525 341 691 397 reliqua
722 343 822 382 EH
853 340 954 382 data
991 342 1056 381 est
1095 338 1232 393 [prop.
1263 335 1360 391 IV}

0 403 64 460 'et
92 415 293 473 quoniam
323 417 409 457 AB
430 430 439 456 ε
460 415 540 456 TA
560 433 615 446 =
635 414 737 454 AH
751 427 759 453 :
782 413 874 467 TZ,
904 410 1015 452 ratio
1047 409 1236 464 reliquae
1268 409 1365 449 ΗΒ

20 489 74 531 ad
107 486 315 542 reliquam
354 487 440 526 ZA
473 483 573 525 data
611 482 692 525 erit
732 481 802 537 [V,
838 483 911 538 193
941 480 1022 523 def.
1051 480 1111 535 2].
1179 482 1222 522 et
1260 478 1364 520 data

8 558 84 607 fest
113 556 364 614 magnitudo
390 557 489 597 EH.
552 568 654 610 ergo
687 553 940 609 magnitudo
972 554 1075 607 ΕΒ,
1113 552 1365 606 comparata.

18 644 115 672 cum
146 631 249 684 ZA‚
280 627 379 668 data
409 625 546 667 maior
576 627 642 666 est
674 638 810 679 quam.
833 623 880 665 in
910 622 1078 665 ratione
1112 621 1210 676 [def.
1240 620 1326 675 11].

0 769 4 844 ζ

556 852 560 855 ,
626 768 742 843 xvi.

109 898 155 942 Si
197 899 304 941 duae
341 897 658 954 magnitudines
695 896 808 938 inter
854 911 898 938 se
942 895 1157 937 rationem
1199 893 1364 936 habent

1 970 164 1013 sdatam
200 973 242 1012 et
280 969 333 1011 ab
371 969 505 1011 altera
542 983 689 1011 earum
728 967 828 1009 data
865 966 1119 1023 magnitudo
1158 967 1364 1022 aufertur,

0 1041 142 1086 {alteri
185 1043 329 1083 autem
372 1055 519 1081 earum
563 1039 663 1080 data
699 1037 955 1094 magnitudo
997 1037 1214 1094 adiicitur,
1255 1041 1370 1094 tota,.,

0 1116 1 1123 ¹
23 1114 272 1167 comparata
292 1126 389 1153 eum
408 1110 586 1166 reliqua,
604 1110 704 1151 data
723 1109 860 1150 maior
874 1108 956 1150 erit
975 1123 1104 1163 quam
1122 1107 1169 1149 in
1184 1108 1370 1150 ratione-

108 1183 213 1224 duae
239 1181 353 1224 enim
377 1180 695 1237 magnitudines
719 1183 761 1222 A
768 1182 818 1235 B,
840 1181 920 1221 TA
945 1179 1159 1221 rationem
1176 1179 1373 1221 habeant-

23 1253 166 1295 datam
197 1255 240 1294 et
264 1267 288 1294 a
313 1251 608 1308 magnitudine
630 1252 711 1293 TA
743 1250 960 1292 auferatur
986 1250 1086 1299 data
1111 1250 1367 1307 magnitudo
1423 1294 1425 1296 ,

23 1325 123 1379 ΓΕ,
164 1322 449 1379 magnitudini
486 1325 572 1364 AB
612 1325 755 1363 autem
795 1321 1020 1363 adiiciatur
1058 1321 1157 1363 data
1199 1320 1366 1378 magni-

20 1394 125 1436 tudo
158 1397 248 1436 ZA.
310 1393 416 1449 dico,
447 1396 586 1435 totam
620 1395 714 1448 ΖΒ,
746 1395 1037 1448 comparatam
1069 1407 1166 1434 oum
1198 1392 1364 1449 reliqua

20 1467 128 1520 EA,
158 1465 255 1506 data
285 1464 490 1506 maiorem
522 1478 614 1506 esse
647 1455 774 1518 quam
804 1455 851 1505 in
880 1463 1059 1506 ratione.

108 1550 208 1577 nam
234 1534 435 1590 quoniam
459 1534 570 1576 ratio
591 1537 676 1576 AB
698 1550 706 1575 z
729 1536 810 1585 TA
835 1535 935 1576 data
960 1537 1038 1589 est⁷
1063 1534 1211 1576 eadem
1233 1537 1366 1591 atque

19 1605 97 1648 illa
143 1606 220 1648 fiat
266 1606 378 1648 ratio
430 1607 531 1647 ΑΗ
550 1600 563 1646 :'
587 1607 679 1648 TE.
764 1606 910 1661 itaque
959 1604 1071 1647 ratio
1122 1608 1223 1647 AH
1242 1621 1251 1647 z
1279 1608 1373 1648 ΓΕ

593 1705 602 1720 .-
830 1677 930 1719 data
953 1680 1031 1719 est.
1076 1677 1150 1719 sed
1175 1677 1276 1719 data
1296 1680 1364 1719 est

23 1724 52 1756 Z
395 1726 423 1756 A
613 1725 756 1793 -AEE-J?
831 1750 923 1790 ΓΕ.
992 1748 1091 1790 data
1131 1751 1196 1790 est
1228 1747 1369 1804 igitur

22 1830 60 1862 Γ
453 1830 484 1862 Ε
594 1832 627 1863 Δ
830 1819 959 1861 etiam
990 1821 1092 1860 AH
1118 1818 1257 1875 [prop.
1284 1816 1367 1875 ]I].

31 1875 37 1898 ¹
458 1876 462 1899 ¹
606 1876 610 1899 ¹
830 1893 894 1932 est
933 1887 1077 1932 autem
1112 1889 1243 1932 etiam
1275 1893 1317 1931 A
1327 1893 1368 1932 Z

23 1958 134 2000 data.
175 1958 319 2014 itaque
344 1962 437 2001 tota
458 1962 553 2002 ZH
572 1960 672 2002 data
697 1963 762 2003 est
788 1960 927 2016 [prop.
945 1960 1046 2016 111}
1095 1963 1138 2003 et
1159 1960 1364 2016 quoniam

22 2032 66 2089 Α
73 2031 111 2070 Β
132 2044 140 2070 :
161 2030 241 2070 TA
259 2049 312 2064 ==
333 2034 375 2072 Α
382 2033 434 2072 Η
447 2046 456 2072 :
478 2032 578 2087 TE,
623 2031 753 2073 etiam
796 2031 907 2074 ratio
950 2031 1138 2087 reliquae
1175 2034 1266 2074 ΗΒ
1310 2033 1363 2074 ad

20 2099 230 2154 reliquam
248 2103 336 2142 EA
360 2101 470 2143 data'
485 2104 550 2144 est
578 2101 649 2157 [V,
671 2103 743 2159 193
768 2102 849 2145 def.
869 2102 929 2158 2}
979 2105 1022 2144 et
1048 2103 1148 2145 data
1173 2107 1239 2146 est
1261 2106 1367 2146 ZH.

29 1769 94 1793 ,-

73 2290 126 2322 19.
155 2287 269 2333 αὐτῷ]
296 2288 411 2324 αὐτοῦ
436 2300 469 2325 a.
561 2293 615 2325 20.
644 2289 732 2336 ἄρα]
760 2300 830 2326 om.
857 2300 889 2325 a.
982 2294 1036 2325 21.
1066 2290 1161 2327 ἔστιν
1187 2303 1220 2326 v.
1306 2295 1350 2315 ‘³⁶’

27 2335 102 2368 HZ
123 2345 158 2374 Ὺ.
256 2333 336 2370 ἐπεί
360 2356 407 2362 -
432 2340 486 2372 23.
512 2335 592 2384 καί]
618 2348 688 2373 om.
716 2348 748 2372 a.
847 2340 902 2372 24.
929 2340 1007 2373 BH
1028 2350 1061 2374 v.
