1520 2508
668 36 815 70 DATA:
1352 31 1412 73 23

15 114 20 194 1
72 136 219 179 tudine
254 136 358 190 ΑΓ,
399 134 499 176 data
534 132 672 175 maior
715 132 773 174 sit
810 137 939 187 quam
974 130 1022 172 in
1057 129 1236 172 ratione.
1303 128 1415 184 dieo,

13 207 18 259 ἰ
72 206 249 250 eandem
269 207 368 261 AB,
399 207 691 259 comparatam
717 202 849 245 etiam
873 216 971 244 eum
995 200 1280 256 reliqua-BF,
1311 200 1414 242 data

12 261 16 290 ’ἶ
66 277 277 321 *maiorem
309 291 400 318 esse
432 290 560 330 quam
589 275 637 316 in
667 274 847 316 ratione.

161 362 260 390 nam
310 346 512 402 quoniam
544 345 815 401 -magnitudo
858 348 901 387 A
907 347 967 400 B,
1014 346 1264 398 comparata
1313 357 1413 385 eum

14 451 15 457 ,
66 417 367 476 magnitudine
403 417 508 472 ΑΓ,
549 416 650 458 data
692 415 831 457 maior
874 417 940 457 est
983 429 1113 469 quam
1148 414 1195 456 in
1231 413 1415 469 ratione,
1473 470 1477 474 .

70 489 293 532 auferatur
334 488 434 530 data
475 486 727 543 magnitudo
765 489 808 528 A
814 488 863 528 E.
928 485 1121 540 reliquae
1155 484 1293 541 igitur
1328 487 1416 527 ΕΒ

71 561 129 603 ad
159 561 251 602 ΑΓ
286 557 397 601 ratio
435 557 536 599 data
572 559 637 598 est
676 556 776 611 [def.
805 555 890 611 11].
950 555 1097 611 itaque
1135 555 1268 598 etiam
1298 555 1414 598 ratio

3 615 8 678 ἶ
74 633 182 673 ΛΓ;
196 632 279 672 ΕΒ
305 629 404 671 data
428 631 504 670 est.
547 627 695 669 eadem
720 630 850 683 atque
874 626 950 669 illa
967 626 1045 669 fiat
1063 626 1176 669 ratio
1196 630 1307 669 AA:
1320 630 1420 669 EA.

2 701 6 743 Ι
73 716 206 757 quare
236 700 367 743 etiam
396 699 507 750 ratio
538 702 652 740 AA:
672 701 755 740 EA
785 698 886 740 data
917 701 993 740 est
1049 700 1093 739 et
1124 697 1416 740 conuertendo

0 785 3 861 ἱ

72 772 188 815 ratio
224 776 344 814 AA:
365 773 454 812 AE
493 770 594 812 data
633 772 700 811 est
743 769 881 825 [prop.
913 768 986 824 V].
1057 772 1100 811 et
1137 784 1159 811 e
1197 768 1416 811 contrario

0 866 1 884 ;
71 843 186 885 ratio
218 845 332 885 AE:
338 837 444 883 AA
474 841 575 882 data
605 843 680 882 est.
731 842 774 881 et
806 840 910 882 data
937 842 1003 881 est
1035 839 1288 896 magnitudo
1314 843 1419 883 AE.

71 914 176 965 data
211 913 347 969 igitur
384 911 514 954 etiam
550 913 644 953 tota
681 914 773 953 AA
811 911 949 967 [prop.
980 910 1058 966 II].
1131 914 1174 953 et
1211 911 1418 966 quoniam
1475 941 1486 956 .

0 1006 2 1014 >
72 985 186 1026 ratio
211 983 347 1026 totius
366 984 459 1025 ΑΓ
483 983 537 1024 ad
560 984 702 1023 totam·
719 984 802 1024 ΕΒ
834 981 934 1023 data
959 985 1037 1037 est,
1068 997 1251 1037 quarum
1275 982 1415 1037 partis

75 1058 163 1096 AA
200 1054 253 1096 ad
288 1055 455 1109 partem
484 1055 576 1094 AE
608 1052 720 1094 ratio
758 1052 860 1094 data
895 1055 980 1108 est,
1022 1052 1104 1095 erit
1141 1053 1273 1095 etiam
1303 1053 1420 1096 ratio

74 1124 371 1179 reliquaeFA
402 1124 455 1165 ad
484 1123 693 1178 reliquam
718 1125 805 1164 AB
837 1123 938 1165 data
964 1122 1036 1179 [V‚
1057 1123 1128 1179 193
1155 1123 1234 1166 def.
1256 1124 1316 1180 2].
1364 1128 1422 1167 ‘et

74 1195 315 1237 dirimendo
346 1194 457 1236 ratio
490 1195 569 1236 ΓΒ
590 1209 599 1235 :
618 1196 705 1250 AB⁸
743 1194 844 1236 data
875 1197 941 1236 est
973 1193 1112 1250 [prop.
1136 1194 1208 1251 V].
1270 1196 1420 1252 itaque

73 1266 208 1308 etiam
244 1257 355 1308 ratio
392 1268 479 1306 AB
500 1281 508 1306 :
529 1260 754 1307 Br'data
790 1268 883 1310 ests
909 1311 914 1315 ,
941 1269 985 1308 et
1021 1266 1121 1308 data
1158 1270 1224 1308 est
1255 1268 1423 1324 magni-

75 1337 182 1378 tudo
207 1339 305 1379 AA.
349 1349 451 1391 ergo
471 1335 723 1392 magnitudo
743 1339 844 1393 AB,
869 1339 1116 1392 comparata
1133 1352 1234 1380 eum
1253 1340 1421 1396 magni·

73 1407 223 1450 tudine
249 1409 342 1469 ΒΓ,
373 1408 472 1450 data
502 1407 639 1450 maior
670 1410 735 1450 est
768 1423 896 1463 quam
926 1407 973 1449 in
1003 1408 1170 1451 ratione
1203 1409 1304 1465 [def.
1331 1410 1420 1469 11].

688 1537 794 1580 ·XII.

167 1618 214 1661 Si
238 1622 325 1662 tres
350 1620 668 1677 magnitudines
686 1621 935 1677 propositae
960 1625 1073 1678 sunt,
1098 1626 1143 1666 et
1160 1623 1300 1678 prima
1322 1639 1423 1667 eum

75 1691 264 1733 secunda
294 1691 393 1733 data
423 1694 488 1733 est
509 1695 648 1746 atque
680 1692 812 1734 etiam
837 1693 1023 1736 secunda
1047 1709 1145 1736 oum
1170 1694 1314 1751 tertia,
1344 1699 1422 1738 aut
1478 1721 1483 1727 ·

73 1761 216 1816 prima
238 1762 391 1805 tertiae
417 1762 607 1818 aequalis
631 1766 709 1818 est,
741 1767 816 1805 aut
841 1764 977 1807 altera
998 1765 1100 1835 data
1119 1765 1420 1822 magnitudine

76 1831 215 1875 maior
245 1835 311 1875 est
340 1833 485 1876 altera.
862 1846 864 1848 “
1097 1842 1102 1848 “

168 1901 254 1944 sint
277 1905 364 1946 tres
395 1903 712 1961 magnitudines
738 1908 781 1947 A
787 1908 839 1961 Β,
856 1907 950 1960 ΒΓ,
972 1908 1065 1962 ΓΔ,
1096 1909 1140 1948 et
1163 1909 1250 1949 AB
1266 1906 1319 1960 -Ἰ-
1334 1910 1430 1951 ΒΓ

37 1978 44 1984 '
76 1972 204 2014 datae
235 1973 321 2015 sint
351 1974 518 2029 sintque
550 1975 749 2031 aequales
781 1979 922 2018 rectae
955 1980 998 2018 Α
1006 1978 1054 2032 Γ,
1085 1980 1129 2019 et
1159 1980 1251 2020 ΒΓ
1267 1981 1316 2031 -Ι-
1341 1981 1425 2036 ΓΔ

77 2042 204 2084 datae
249 2044 334 2086 sint
376 2045 544 2100 sintque
588 2046 787 2101 aequales
831 2050 972 2089 rectae
1010 2050 1109 2090 BA.
1184 2049 1298 2105 dico,
1346 2054 1423 2092 aut

71 2169 164 2205 add.
185 2182 232 2205 m.
254 2174 272 2205 1
299 2171 338 2206 P.
422 2171 462 2208 ἐν
486 2172 527 2208 λό
530 2174 596 2221 γφ]
623 2184 713 2209 oon.
741 2185 786 2209 ex
811 2173 944 2210 ἐλάττω
969 2187 1016 2210 m.
1038 2180 1058 2210 2
1080 2176 1310 2213 Vat.19.
1337 2177 1422 2225 μέν]

71 2227 150 2252 om.
174 2219 209 2264 β.
322 2222 375 2254 24.
405 2220 446 2255 τὸ
471 2211 565 2267 ΑΓ]
586 2231 655 2256 om.
683 2232 715 2256 a
827 2226 882 2259 25.
914 2223 955 2258 τὸ
982 2225 1060 2270 BA]
1088 2235 1158 2260 om.
1185 2236 1219 2262 a.
1329 2226 1421 2261 Post

77 2267 145 2299 AB
170 2276 240 2300 ras.
268 2268 288 2299 5
314 2265 386 2301 litt.
412 2278 445 2302 v.
