1520 2508
101 819 144 851 10

68 1166 147 1209 >15

105 1511 150 1543 20

107 1857 151 1888 25

1487 0 1496 11 ,.

1460 0 1494 96 ἔκ

1470 91 1485 115 πἰ.

164 189 337 242 τρόπον.
407 186 432 239 ἡ
470 186 553 241 γὰρ
590 184 677 235 ἕλιξ
715 184 910 227 τέτακται
945 185 1043 240 μέν,
1080 184 1174 227 ἀλλ’
1203 186 1283 227 οὐκ
1312 182 1368 239 ἦν
1396 187 1485 246 τοῖᾴ

164 257 247 311 πρὸ
276 255 560 310 Ἀρχιμήδους
589 257 762 310 πορίμη.
811 254 882 297 καὶ
912 256 964 296 τὰ
995 255 1234 311 ἀπειραχῶς
1264 253 1312 296 δὲ
1342 257 1487 308 γιγνόέῚ

165 340 272 379 μενα
307 323 379 365 καὶ
417 323 609 373 ἀτάκτως
643 325 805 379 πόριμα
841 323 920 379 μέν
957 325 1093 378 ἐστιν,
1136 323 1212 365 ἐὰν
1247 325 1326 378 τὴν
1361 319 1488 366 καταζέ
1515 327 1520 373 1}

166 394 326 448 σκευὴν
357 393 507 448 ἐπινοῇ
533 408 598 442 τις
629 393 773 435 αὐτῶν
802 392 875 435 καὶ
905 395 984 448 τὴν
1015 394 1236 447 σύστασιν,
1267 392 1410 434 οὐκέτι
1441 383 1488 443 33?

166 461 238 504 καὶ
262 461 509 516 τεταγμένα.
564 457 659 504 οἷον
684 463 902 516 σκαληνὸν
926 465 1142 518 τρίγωνον
1166 463 1390 516 ἐπινοῆσαι
1419 458 1490 507 καὶ
1516 477 1520 508 ῑ

167 533 229 582 εἰς
258 533 338 586 τὴν
369 533 636 586 κατασκευὴν
661 533 795 574 αὐτοῦ
821 532 1054 585 ἀναγαγεῖν
1078 533 1157 586 τὴν
1182 532 1383 573 διάνοιαν
1408 531 1520 583 ἀπὸῇῑ

167 607 245 642 τοῦ
272 602 532 656 ἰσοπλεύρου
559 601 611 643 οὐ
633 602 819 655 χαλεπὸν
843 601 938 643 ἀλλ’
960 602 1218 656 εὐποριστόν
1243 601 1374 654 ἐστιν,
1398 602 1490 642 καί-ι
1518 590 1520 619 5

167 685 235 712 τοι
265 678 353 712 τῶν
385 670 580 712 ἀτάκτων
611 670 662 712 ὃν
692 669 764 712 καὶ
795 671 995 726 ἀπείρων.

255 740 369 781 οὕτω
414 738 462 781 δὲ
504 742 588 794 ἔχει
630 739 701 781 καὶ
743 741 851 795 πρὸς
887 741 934 782 τὸ
972 741 1104 795 ῥητὸν
1139 738 1211 781 καὶ
1249 741 1407 793 ἄλογον
1443 739 1502 781 τὸ

169 808 429 864 τεταγμένον
460 825 504 851 τε
535 808 606 851 καὶ
630 810 678 851 τὸ
704 811 905 851 ἄτακτον·
937 815 1234 851 κοινωνοῦντα
1258 809 1340 863 γὰρ
1367 800 1502 862 ἀλλήέ

169 883 262 928 λοις
304 882 496 934 πολλαχῇ
539 878 611 920 καὶ
655 880 878 933 διενήνοχε
926 879 1003 920 τὸν
1046 877 1273 934 εἰρημένον
1320 879 1506 931 τρόπον.ὶζ

171 946 274 990 οὐδὲ
305 949 387 1003 γὰρ
419 954 553 989 ταῦτα
586 947 763 998 ἐξισάζει
795 948 996 1001 ἀλλήλοις
1029 946 1131 990 οὐδὲ
1162 948 1209 989 τὸ
1240 946 1388 1002 ἕτερον
1417 937 1509 987 τοῦ-ἶ,

171 1016 319 1072 ἑτέρου
352 1016 440 1059 ἐστὶ
470 1019 794 1071 περιληπτικόν·
826 1018 851 1071 ἡ
877 1018 959 1071 γὰρ
992 1017 1037 1059 ἐκ
1063 1017 1143 1058 δύο
1169 1016 1394 1070 ὀνομάτων
1424 1007 1510 1076 aaz}

172 1088 220 1128 αἱ
254 1087 391 1136 οὕτως
427 1086 756 1141 κατειλημμέναι
793 1088 944 1139 ἄλογοι
979 1085 1230 1140 τεταγμέναι
1261 1084 1340 1139 μέν
1370 1080 1509 1138 eldam}

174 1155 316 1198 οὐκέτι
348 1153 396 1197 δὲ
426 1155 498 1197 καὶ
529 1156 674 1210 ῥηταί,
704 1155 776 1197 καὶ
808 1156 830 1198 ὁ
862 1162 937 1210 τῆς
967 1154 1199 1210 διαμέτρου
1231 1155 1358 1207 λόγος
1387 1151 1508 1208 πρὸς-ἶ

172 1227 252 1280 τὴν
283 1225 487 1280 πλευράν.
536 1226 674 1267 πολλὰ
705 1225 753 1266 δὲ
782 1223 854 1266 καὶ
885 1232 973 1266 τῶν
1003 1225 1146 1279 ῥητῶν
1177 1223 1336 1265 ἄτακτοί
1367 1222 1515 1279 gozam}

175 1295 234 1343 ὡς
264 1295 317 1335 τὰ
346 1297 572 1348 πολλαχῶς
601 1293 673 1335 καὶ
703 1294 915 1349 ἀορίστως
945 1295 1166 1347 γινόμενα·
1203 1293 1385 1334 δύναται
1415 1287 1512 1354 γάρζ1

173 1363 247 1405 καὶ
292 1364 510 1416 σκαληνὸν
552 1366 768 1418 τρίγωνον
810 1367 1062 1418 μετρεῖσθαι
1103 1362 1188 1404 ὑπὸ
1228 1367 1305 1403 τοῦ
1348 1368 1514 1414 προτε-ςῖ·

175 1432 332 1482 θέντος
368 1431 439 1474 καὶ
470 1432 727 1487 ὁρισθέντος
757 1433 891 1487 ῥητοῦ
922 1431 1100 1486 μέτρου,
1136 1433 1276 1472 καίτοι
1312 1421 1515 1490 ι’)ἒτακτονῇΞῚ

175 1502 383 1558 ὑπάρχον.

262 1577 341 1613 τοῦ
372 1569 420 1613 δὲ
450 1573 672 1626 γνωρίμου
703 1572 810 1626 πρὸς
841 1572 889 1613 τὸ
919 1573 1106 1626 πόριμον
1136 1571 1216 1623 τὴν
1246 1567 1325 1623 μὲν
1355 1567 1510 1622 ὅμοιά-ῃ

176 1656 280 1694 τητα
310 1642 444 1682 παντί
470 1655 518 1693 γε
549 1641 707 1682 διϊδεῖν
738 1640 907 1695 ῥᾴδιον,
938 1641 1018 1693 τὴν
1049 1637 1096 1680 δὲ
1127 1638 1345 1693 διαφορὰν
1378 1639 1520 1691 χαλε-’.τ

177 1711 261 1752 πὸν
304 1707 434 1751 ἑλεῖν·
479 1710 692 1763 σύνεγγυς
734 1709 815 1764 γάρ
857 1709 946 1750 ἐστι
988 1710 1068 1762 τὴν
1111 1709 1247 1762 φύσιν
1289 1706 1499 1759 ἀλλήλων,
1514 1756 1520 1759 ,.

179 1780 287 1821 ὥστε
324 1777 397 1820 καὶ
431 1777 635 1828 ἐξισάζειν
665 1779 823 1820 δοκεῖν.
885 1778 937 1819 οὐ
968 1778 1054 1832 μὴν
1085 1776 1192 1818 ἀλλὰ
1221 1776 1303 1817 κάν
1333 1775 1502 1823 τούτοις
1513 1778 1520 1803 ,-

178 1842 368 1903 ἀκριβῶς
404 1846 682 1901 ἐπιβλέψαντι
720 1848 965 1902 ὀφθήσεταί
998 1862 1063 1895 τις
1099 1846 1256 1888 ἐνοῦσα
1293 1842 1500 1899 διαφορά·

179 1918 244 1959 ὅτι
275 1914 354 1971 μὲν
385 1918 467 1972 γὰρ
499 1919 575 1971 μία
607 1916 724 1959 ἐστὶν
760 1916 785 1970 ἡ
818 1923 892 1970 τῆς
922 1915 1062 1964 ἕλικος
1093 1914 1169 1969 ἀφ’
1197 1913 1293 1963 ἑνὸς
1322 1911 1520 1967 σημείου

179 1985 471 2041 ἐφαπτομένη,
503 1985 726 2040 συμφανές
751 1986 839 2028 ἐστι
863 1984 935 2027 καὶ
961 1985 1197 2039 γνώριμον·
1229 1981 1323 2024 ἀλλ’
1352 1982 1404 2023 οὐ
1429 1981 1520 2023 διὰ,

178 2062 307 2097 τοῦτο
343 2056 425 2109 ἤδη
462 2055 535 2097 καὶ
565 2058 751 2111 πόριμόν
782 2055 871 2097 ἐστι
907 2055 955 2095 τὸ
991 2055 1218 2109 πρόβλημα
1248 2053 1372 2106 μήπω
1403 2048 1520 2092 κατ-ἕ

272 2139 303 2170 2.
330 2136 535 2180 γιγνώμενα
561 2135 644 2170 Vat.
730 2139 760 2169 6.
787 2135 882 2169 Ante
906 2133 972 2177 τήν
991 2132 1083 2177 (alt.)
1109 2131 1193 2167 add.
1219 2132 1332 2166 αὐτοῦ
1356 2142 1388 2165 v.
1469 2132 1520 2164 7..

179 2179 270 2215 ἀλλά
295 2193 327 2216 v,
432 2185 485 2216 10.
511 2181 567 2227 τό]
594 2192 662 2215 om.
685 2181 772 2215 Vat.
875 2183 928 2215 15.
955 2179 974 2214 ὁ
999 2179 1076 2224 τῆς]
1103 2190 1212 2222 ουσης
1236 2178 1274 2212 Ρ.
1378 2174 1498 2221 λόγος]
1518 2222 1520 2226 Ι

180 2238 249 2262 om.
270 2227 354 2262 Vat.
458 2231 512 2263 17.
538 2227 743 2272 γιγνώμενα
768 2215 851 2261 Vat.
962 2229 1016 2260 22.
1050 2225 1198 2270 διϊδεῖν]
1225 2223 1308 2259 Vat.
1335 2223 1393 2257 Gr.
1415 2225 1520 2274 202;·j

181 2271 221 2308 δὲ
248 2273 340 2308 ἰδεῖν
366 2273 424 2308 Pv
450 2275 487 2308 et
510 2285 557 2308 m.
578 2278 598 2308 2
619 2274 720 2317 Vat.;
747 2272 787 2308 δὲ
808 2273 921 2308 εἰδεῖν
946 2272 1029 2306 Vat.
1050 2283 1097 2305 m.
1119 2275 1148 2306 1.
1230 2274 1284 2305 23.
1311 2267 1499 2314 σύνεγγυς]

164 92 250 133 244
379 94 414 126 Μ
416 94 547 126 ARINI
570 93 859 126 PHILOSOPHI
883 93 1253 127 COMMENTARIUS
