1520 2508
22 82 62 152 ’ἦ
151 97 154 99 ’
634 118 774 153 DATA.
1326 117 1384 159 95

35 216 122 257 AB
141 228 150 255 τ
170 214 250 255 ΓΔ
283 213 389 254 data
426 216 469 255 et
505 213 552 255 in
588 213 718 256 rectis
751 216 851 270 ΑΒ,
881 216 963 256 ΓΔ
1000 214 1162 257 similes
1194 217 1238 257 et
1269 215 1384 257 simi-

29 282 132 327 -liter
165 283 331 339 positae
373 283 538 340 figurae
576 284 826 327 rectilineae
869 288 1030 341 AHB,
1064 289 1099 327 Ζ
1143 286 1383 342 descriptae

36 357 145 410 nunt,
173 354 284 396 ratio
311 357 452 396 ΑΗΒ
473 370 482 396 :
504 358 540 396 Z
572 355 674 397 data
706 356 788 397 erit
820 355 960 412 [prop.
980 356 1048 412 L].
1093 371 1245 399 uerum
1269 358 1381 400 ratio

34 428 170 469 AHB
189 441 198 467 :
217 428 260 467 E
293 425 393 467 data
423 429 501 468 est.
574 440 677 482 ergo
710 426 843 468 etiam
874 427 988 469 ratio
1020 431 1088 470 E:
1110 431 1145 470 Ζ
1184 429 1286 471 data
1317 432 1383 471 est

34 495 166 552 [prop.
191 495 330 550 VIH].

655 591 747 634 LII.

121 672 166 716 Si
200 674 247 716 in
282 677 402 716 recta
438 674 736 730 magnitudine
775 676 877 718 data
912 677 1054 733 figura
1092 677 1234 732 specie
1278 678 1381 719 data

32 744 299 802 describitur,
329 746 469 801 figura
501 746 717 801 descripta
748 747 850 788 data
882 750 948 789 est
980 748 1291 803 magnitudine.

114 831 213 858 nam
243 816 290 858 in
325 819 445 858 recta
475 816 773 871 magnitudine
806 818 908 859 data
939 821 1027 860 AB
1064 819 1205 875 figura
1237 819 1378 874 specie

0 886 127 934 {data
162 887 429 930 describatur
467 889 701 929 ΑΓΛΕΒ.
778 888 893 945 dico,
929 890 1114 945 figuram
1152 891 1377 932 ΑΓΔΕΒ

473 958 619 999 datam
651 973 743 1000 esse
775 958 1086 1014 magnitudine.

305 1005 347 1041 Δ
552 1031 831 1071 construatur
874 1030 988 1072 enim
1030 1030 1077 1072 in
1120 1034 1240 1074 recta
1282 1035 1376 1074 AB

0 1121 2 1170 ζ
41 1038 409 1180 ΓβχΕ
468 1099 728 1154 quadratum
759 1105 802 1142 Α
811 1103 858 1142 Ζ.
927 1102 1074 1156 itaque
1107 1107 1150 1144 A
1159 1106 1195 1144 Z
1227 1104 1376 1145 datum

349 1176 356 1197 Ι

468 1173 534 1212 est
571 1171 713 1225 specie
758 1174 801 1213 et
841 1173 1140 1228 magnitudine
1183 1174 1281 1229 [def.
1314 1174 1374 1230 3].

466 1244 509 1282 et
559 1241 764 1296 quoniam
812 1242 859 1284 in
908 1244 1055 1286 eadem
1111 1248 1230 1287 recta
1279 1249 1372 1288 AB

93 1292 112 1480 ί
341 1304 345 1377 ¹
466 1312 572 1354 duae
604 1313 768 1369 figurae
801 1314 1048 1357 rectilineae
1082 1316 1222 1371 specie
1249 1317 1373 1359 datae

340 1378 344 1483 ι
465 1387 508 1424 A
518 1385 702 1439 ΓΔΕΒ,
728 1389 770 1426 A
779 1388 815 1427 Z
841 1386 1081 1441 descriptae
1108 1390 1228 1443 sunt,
1258 1389 1370 1430 ratio
1419 1420 1421 1423 -

0 1476 3 1490 .
37 1481 88 1516 H
340 1492 371 1524 Z
462 1456 714 1497 ΑΓΔΕΒ
740 1471 749 1497 :
776 1459 870 1498 AZ
931 1457 1031 1499 data
1087 1459 1168 1500 erit
1225 1459 1370 1515 [prop.

462 1524 641 1580 XLIX].
716 1527 790 1569 sed
837 1531 930 1569 AZ
982 1529 1131 1571 datum
1175 1533 1242 1571 est
1285 1546 1372 1572 ma-

0 1587 249 1646 gnitudine.
330 1607 433 1650 ergo
479 1596 610 1638 etiam
654 1600 903 1640 ΑΓΔΕΒ
954 1600 1054 1642 data
1099 1603 1165 1642 est
1208 1602 1373 1658 magni-

0 1655 165 1708 tudine
199 1661 335 1718 [prop.
361 1664 437 1720 II].

635 1762 750 1806 LIII.

108 1835 152 1879 Si
189 1839 294 1881 duae
332 1841 496 1897 figurae
534 1845 659 1887 datae
698 1849 799 1888 sunt
837 1848 979 1902 specie
1018 1852 1060 1891 et
1091 1864 1226 1891 unum
1255 1850 1370 1892 latus

4 1906 147 1957 *unius
183 1910 236 1951 ad
272 1925 405 1954 unum
443 1913 557 1956 latus
596 1916 774 1959 alterius
806 1918 1018 1961 rationem
1050 1920 1182 1962 habet
1215 1921 1372 1977 datam,

4 1965 150 2020 etiam
180 1980 345 2036 reliqua
376 1983 513 2027 latera
551 1987 603 2027 ad
634 1987 800 2043 reliqua
831 1989 968 2031 latera
999 1991 1212 2033 rationem
1243 1992 1372 2033 labe-

21 2046 126 2109 bunt
155 2050 310 2094 datam.

109 2176 152 2211 In
176 2177 235 2223 fig
263 2178 342 2215 cod.
369 2181 399 2215 P
423 2181 574 2219 litterae
603 2188 643 2230 Γ,
665 2189 697 2221 Ε
722 2189 959 2232 permutatae
985 2192 1081 2226 sunt.

8 2291 81 2335 καί
102 2295 138 2331 b.
237 2301 291 2334 18.
317 2301 478 2348 τῷ(Ρ1·.)]
506 2314 576 2338 om.
592 2304 627 2339 b.
726 2319 790 2340 και
778 2304 812 2352 ι]
840 2318 910 2342 om.
937 2319 970 2343 v.
1071 2313 1125 2346 21.
1153 2306 1175 2357 ἦ
1202 2315 1251 2346 τῶ
1279 2311 1370 2347 εῖδει

17 2340 196 2388 δεδομένα
221 2344 255 2381 b.
354 2350 410 2382 23.
437 2349 544 2396 πρός]
572 2362 684 2396 supra
711 2364 768 2387 scr
804 2366 851 2389 m.
882 2358 900 2389 1
928 2367 960 2391 V.
1155 2348 1162 2358 ¹
1229 2348 1236 2358 ¹
