1520 2508
127 486 150 517 5

104 834 148 865 10

83 1180 149 1212 „15

106 1526 152 1558 20

110 1873 154 1905 25

170 108 258 150 210
713 107 960 141 APPEND1X.

172 204 256 258 ἄρα
291 207 367 256 τῆς
396 203 534 243 ΔΑΓ
562 199 634 242 καὶ
669 206 745 255 τῆς
774 203 860 242 AB
897 201 1005 256 πρὸς
1040 200 1088 242 τὸ
1124 199 1208 241 ὑπὸ
1245 206 1332 241 τῶν
1371 201 1450 241 BA
1494 196 1520 262 ἐξ·

171 273 301 324 λόγος
331 269 421 312 ἐστὶ
452 271 614 324 δοθείς,
644 268 716 311 καὶ
747 274 825 311 τοῦ
857 268 925 319 δὶς
953 269 1038 311 ὑπὸ
1064 268 1395 324 συναμφοτέρου
1420 260 1516 327 τῆςξζξ

171 342 309 382 ΔΑΓ
331 338 404 381 καὶ
434 345 510 393 τῆς
534 341 620 380 ΑΒ
651 339 759 394 πρὸς
788 339 837 380 τὸ
867 338 952 380 ὑπὸ
983 346 1071 380 τῶν
1096 340 1227 380 ΒΑΓ
1251 340 1377 391 λόγος
1407 331 1520 424 gathi}

173 410 334 458 δοθείς.
376 413 455 450 τοῦ
485 406 534 449 δὲ
557 408 642 450 ὑπὸ
667 414 754 449 τῶν
773 410 905 450 ΒΑΓ
928 409 1037 464 πρὸς
1059 409 1108 450 τὸ
1128 409 1260 449 ΒΑΓ
1283 399 1520 503 τρίγωνονᾷΞ

176 481 304 532 λόγος
335 476 425 520 ἐστὶ
455 478 605 527 δοθείς
635 478 708 519 διὰ
738 478 786 519 τὸ
819 478 1027 519 δοθεῖσαν
1058 473 1169 519 εἶναι
1198 478 1278 531 τὴν
1302 477 1386 518 ὑπὸ
1410 482 1503 522 τῶν]

173 549 305 590 ΒΑΓ
323 549 505 601 γωνίαν·
536 545 609 588 καὶ
633 553 710 588 τοῦ
733 546 802 596 δὶς
818 547 904 589 ὑπὸ
924 545 1256 602 συναμφοτέρου
1275 552 1350 600 τῆς
1367 532 1504 587 ΔΑΓ

172 616 245 659 καὶ
275 623 350 671 τῆς
380 619 467 658 ΑΒ
505 617 588 673 ἄρα
623 617 732 672 πρὸς
761 617 809 658 τὸ
841 618 977 658 ΑΒΓ
1007 617 1222 671 τρίγωνον
1252 618 1379 669 λόγος
1409 612 1520 666 ἐστὶὲ

174 687 336 736 δοθείς.
1510 675 1520 732 ξ

261 755 370 797 ἀλλὰ
395 756 449 809 δὴ
476 757 582 797 ἔστω
609 754 789 809 ἀμβλεῖα
808 755 834 808 ἡ
852 754 937 796 ὑπὸ
958 757 1095 808 ΒΑΓ,
1120 753 1192 796 καὶ
1217 743 1520 817 έκβληθείσηςξ

174 831 248 879 τῆς
279 828 361 866 ΒΑ
396 825 520 878 ἤχθω
559 822 626 865 ἐπ’
661 824 797 878 αὐτὴν
827 823 1011 873 κάθετος
1041 824 1066 878 ἡ
1100 826 1198 878 ΓΕ,
1235 822 1307 865 καὶ
1336 824 1520 879 κείσθωξ

173 901 224 950 τῇ
262 897 352 935 ΑΕ
389 897 460 947 ἴση
498 894 524 947 ἡ
561 896 659 935 ΑΖ.
731 892 821 935 ἐπεὶ
858 891 938 936 οὖν
974 893 1155 948 ἀμβλεῖα
1192 893 1310 935 ε’στιν
1353 893 1378 947 ἡ
1414 881 1520 947 ὑπὸῇ

91 976 95 979 ’
172 965 318 1005 ΒΑΓ
359 965 516 1017 γωνία,
569 961 642 1004 καὶ
692 962 876 1011 κάθετος
923 959 1046 1016 ἦκται
1094 962 1120 1016 ἡ
1166 964 1270 1017 ΓΕ,
1322 963 1375 1003 τὰ
1417 962 1520 1029 ἄραξ’,

174 1032 258 1074 ἀπὸ
301 1039 389 1074 τῶν
432 1035 537 1086 ΒΑ,
576 1033 674 1073 ΑΓ
714 1032 818 1086 μετὰ
860 1037 937 1073 τοῦ
981 1030 1048 1081 δὶς
1089 1032 1173 1074 ὑπὸ
1215 1039 1303 1074 τῶν
1344 1035 1520 1088 ΒΑΕ,ξ

174 1100 370 1144 τουτέστι
425 1107 503 1143 τοῦ
562 1099 631 1151 δὶς
684 1100 769 1142 ὑπὸ
818 1107 906 1142 τῶν
953 1104 1115 1155 BAZ,
1178 1105 1250 1143 ἴσα
1302 1100 1391 1142 ἐστὶ
1441 1091 1520 1157 1:954

175 1171 259 1215 ἀπὸ
301 1177 376 1225 τῆς
418 1173 518 1212 ΒΓ.
584 1171 734 1212 κοινὸν
775 1171 1050 1226 προσκείσθω
1093 1171 1141 1212 τὸ
1182 1168 1250 1219 δὶς
1290 1170 1374 1212 ὑπὸ
1414 1177 1520 1211 τῶνέ

174 1243 323 1283 ΒΑΓ·
378 1240 431 1281 τὰ
478 1241 562 1296 ἄρα
610 1239 693 1282 ἀπὸ
736 1247 823 1282 τῶν
865 1241 1006 1281 ΒΑΓ
1041 1239 1145 1293 μετὰ
1187 1244 1265 1280 τοῦ
1308 1237 1376 1288 δὶς
1416 1239 1520 1294 ὑπὸςζ

174 1316 263 1352 τῶν
293 1311 438 1364 ΒΑΓ,
479 1308 674 1351 τουτέστι
704 1310 752 1351 τὸ
784 1308 867 1350 ἀπὸ
904 1307 1236 1364 συναμφοτέρου
1272 1313 1347 1362 τῆς
1377 1309 1508 1349 ΒΑΓ
1518 1314 1520 1337 ῑ

174 1380 279 1434 μετὰ
331 1385 409 1420 τοῦ
464 1377 533 1428 δὶς
584 1378 669 1420 ὑπὸ
723 1385 810 1420 τῶν
858 1381 996 1419 ΒΑΖ
1053 1381 1124 1419 ἴσα
1173 1376 1263 1419 ἐστὶ
1310 1384 1370 1434 τῷ
1419 1377 1520 1420 οέπὸ4

175 1454 251 1502 τῆς
299 1450 393 1490 ΒΓ
440 1448 545 1503 μετὰ
599 1453 677 1489 τοῦ
733 1446 801 1496 δὶς
848 1446 933 1489 ὑπὸ
981 1454 1069 1489 τῶν
1117 1449 1264 1489 ΒΑΓ.
1352 1448 1520 1497 κοινὸν,

176 1517 421 1574 ἀφῃρήσθω
459 1518 507 1558 τὸ
545 1515 614 1566 δὶς
648 1516 733 1558 ὑπὸ
770 1523 858 1558 τῶν
889 1519 1032 1558 ΒΛΖ·
1075 1517 1123 1558 τὸ
1161 1517 1245 1572 ἄρα
1281 1516 1363 1558 ἀπὸ
1400 1527 1502 1558 συν-

179 1586 428 1643 αμφοτέρου
465 1592 540 1640 τῆς
572 1588 703 1628 ΒΑΓ
738 1589 835 1627 ἴσον
872 1584 962 1627 ε’στὶ
996 1592 1055 1642 τῷ
1094 1585 1176 1627 ἀπὸ
1210 1591 1286 1639 τῆς
1316 1588 1404 1627 ΒΓ
1433 1584 1504 1627 καὶ

176 1662 236 1713 τῷ
273 1654 342 1705 δὶς
382 1655 468 1697 ὑπὸ
511 1663 598 1697 τῶν
634 1658 741 1709 ΒΑ,
773 1657 870 1696 ΓΖ·
913 1655 1022 1696 ὥστε
1063 1655 1111 1696 τὸ
1155 1654 1237 1696 ἀπὸ
1280 1666 1503 1709 συναμφο-

177 1725 305 1782 τέρου
344 1730 420 1779 τῆς
456 1727 588 1766 ΒΑΓ
622 1730 699 1765 τοῦ
737 1724 820 1766 ἀπὸ
862 1730 938 1778 τῆς
974 1724 1063 1765 ΒΓ
1096 1723 1292 1779 ὑπερέχει
1334 1730 1392 1781 τῷ
1436 1722 1505 1773 δὶς

177 1795 263 1837 ὑπὸ
305 1801 394 1836 τῶν
430 1796 531 1848 ΒΑ,
564 1796 654 1835 ΓΖ.
721 1792 793 1835 καὶ
837 1791 926 1835 ἐπεὶ
969 1793 1150 1834 δοθεῖσα
1193 1792 1309 1835 ἐστιν
1351 1792 1377 1847 ἡ
1419 1793 1503 1834 ὑπὸ

181 1866 313 1906 ΒΑΓ
347 1865 503 1917 γωνία,
545 1861 618 1904 καὶ
658 1862 684 1916 ἡ
727 1862 812 1904 ὑπὸ
850 1864 987 1904 ΕΑΓ
1023 1863 1106 1916 ἄρα
1149 1862 1331 1904 δοθεῖσα
1374 1861 1503 1904 ἐστιν.

180 1933 289 1976 ἀλλὰ
319 1931 391 1974 καὶ
421 1932 447 1986 ἡ
477 1933 563 1975 ὑπὸ
597 1934 725 1974 ΓΕΑ
756 1932 953 1974 δοθεῖσα·
987 1930 1059 1973 καὶ
1090 1932 1217 1986 λοιπὴ
1249 1932 1332 1987 ἄρα
1362 1930 1388 1984 ἡ
1419 1930 1504 1972 ὑπὸ

275 2109 306 2139 1.
332 2104 405 2148 ἄρα
429 2110 494 2150 τῆς
518 2108 580 2139 ΛΑ
591 2105 643 2149 Γ]
675 2106 780 2138 ΔΑΓ
799 2102 872 2147 ἄρα
897 2103 931 2138 b.
1028 2102 1115 2148 τῶν]
1140 2107 1204 2146 τῆς
1227 2102 1262 2136 b.
1358 2105 1389 2137 2.
1415 2101 1504 2135 Post

181 2150 310 2191 δοθείς
334 2151 417 2186 add.
443 2156 508 2186 τοῦ
535 2148 574 2185 δὲ
600 2150 672 2185 ὑπὸ
696 2155 760 2195 τῆς
779 2152 881 2184 ΒΑΓ
899 2149 990 2192 πρὸς
1013 2149 1053 2183 τὸ
1075 2151 1184 2182 ΑΒΓ
1202 2146 1380 2193 τρίγωνον
1399 2147 1505 2192 λόγος

182 2198 255 2233 ἐστὶ
275 2195 404 2237 δοθείς
428 2197 463 2232 b.
546 2201 577 2231 3.
603 2196 675 2231 ὑπὸ
700 2202 771 2231 τῶν
792 2199 850 2230 BA
860 2196 912 2241 Γ]
938 2197 1047 2230 ΑΒΓ
1066 2193 1244 2239 τρίγωνον
1269 2194 1303 2229 b.
1381 2198 1413 2228 4.
1439 2198 1503 2228 τοῦ

183 2265 224 2270 -
246 2247 277 2278 8.
298 2242 442 2289 δοθείς]
468 2238 496 2290 ᾧ
522 2243 594 2287 ἄρα
619 2242 740 2287 μεῖζόν
766 2241 840 2277 ἐστι
862 2241 903 2276 τὸ
928 2241 1001 2276 ἀπὸ
1028 2239 1304 2285 συναμφοτέρου
1326 2245 1389 2284 τῆς
1409 2241 1510 2274 ΒΑΓ

180 2295 245 2326 τοῦ
277 2290 350 2325 ἀπὸ
381 2295 445 2334 τῆς
477 2292 561 2333 ΒΓ,
599 2288 718 2324 ἐκεῖνο
754 2288 794 2323 τὸ
831 2286 964 2334 χωρίον
997 2287 1088 2331 πρὸς
1118 2287 1158 2322 τὸ
1190 2289 1297 2322 ΑΒΓ
1328 2284 1504 2330 τρίγωνον
