1520 2508
147 130 230 171 198
684 95 932 174 Apm'mnc.

144 222 217 266 καὶ
241 223 267 277 ἡ
290 226 384 265 ΓΛ·
416 225 598 266 δοθεῖσα
623 225 706 279 ἄρα
738 223 857 267 ἐστὶν
884 224 910 279 ἡ
934 225 1019 267 ὑπὸ
1045 233 1131 268 τῶν
1155 228 1290 268 ΒΗΛ
1317 219 1480 279 γωνίαὲ
1514 231 1520 284 ξ

144 291 216 334 καὶ
246 293 292 334 εἰΥ
314 290 394 346 μὲν
423 293 695 349 παράλληλός
726 293 844 339 ἐστιν
872 293 899 347 ἡ
924 297 1006 335 ΕΖ
1037 300 1088 349 τῇ
1113 296 1216 348 ΗΒ,
1247 296 1364 336 ἔσται
1394 293 1486 339 καὶῆ
1515 302 1520 351 ξ

144 362 170 415 ἡ
207 361 292 403 ὑπὸ
323 365 467 403 ΕΖΗ
498 364 634 415 γωνία
672 362 870 404 δοθεῖσα·
914 364 1022 405 ὥστε
1057 361 1129 404 καὶ
1167 365 1294 418 λοιπὴ
1324 363 1350 418 ἡ
1381 364 1464 407 ὑπὸ
1513 358 1520 426 Ξ

146 433 270 483 ΖΕΒ
288 433 439 484 ,γωνία
471 431 653 473 δοθεῖσα
684 430 812 474 ἐστιν.
864 433 904 474 εἰ
932 430 980 474 δὲ
1011 433 1077 486 οὔ,
1109 432 1465 487 συμπιπτέτωσαν
1514 431 1520 452 ⁵

97 507 117 538 5
134 500 192 544 ,αί
212 503 309 554 ΕΖ,
328 503 417 541 ΗΒ
448 501 555 542 κατὰ
579 502 627 543 τὸ
657 504 704 542 Θ.
752 500 841 543 ἐπεὶ
873 505 942 555 ἴση
975 500 1092 544 ἐστὶν
1122 501 1148 555 ἡ
1174 505 1256 544 ΕΖ
1281 509 1331 557 τῇ
1357 505 1486 557 ΔΙ-Ι,’

143 568 338 611 τουτέστι
369 576 420 625 τῇ
451 572 555 624 ΗΒ,
585 572 660 612 καί
688 569 777 612 ἐστι
807 571 1080 627 παράλληλος
1109 570 1135 624 ἡ
1166 574 1250 613 ΕΒ
1281 577 1331 626 τῇ
1365 574 1486 626 ΖΗ,Δ

144 642 215 692 ἴση
253 639 337 694 ἄρα
373 638 463 691 ἐστὶ
499 638 570 681 καὶ
600 639 626 693 ἡ
660 642 744 681 ΖΘ
779 646 830 695 τῇ
865 643 974 681 ΘΗ·
1022 641 1131 682 ὥστε
1167 638 1239 682 καὶ
1272 643 1409 694 γωνία
1437 640 1464 696 ἡ

141 707 227 749 ὑπὸ
262 710 396 749 ΘΗΖ
432 710 570 765 γωνίᾳ
606 715 657 764 τῇ
693 708 778 750 ὑπὸ
819 711 958 750 ΘΖΗ
989 709 1105 752 ἐστιν
1142 714 1224 764 ἴση.
1285 711 1466 752 δοθεῖσα

143 774 190 818 δὲ
226 777 253 831 ἡ
289 777 374 819 ὑπὸ
411 774 498 819 τῶν
539 781 688 820 ΘΗΖ·
733 779 914 830 δοθεῖσα
957 779 1041 833 ἄρα
1082 777 1153 820 καὶ
1193 778 1219 832 ἡ
1256 779 1341 822 ὑπὸ
1379 788 1489 830 τῶν,

72 853 116 887 10
139 848 191 888 Η
194 845 229 887 Ζ
240 849 293 906 Θζ
326 847 433 888 ὥστε
463 846 535 888 καὶ
565 847 591 901 ἡ
618 841 767 901 ἐφεξῆς
792 846 817 901 ἡ
843 847 927 889 ὑπὸ
954 851 1092 889 ΗΖΕ
1122 839 1304 890 δοθεῖσοέ
1329 848 1463 891 ἐστιν·

140 914 212 957 καὶ
243 917 371 970 λοιπὴ
403 916 428 970 ἡ
458 916 543 958 ὑπὸ
574 923 662 963 τῶν
695 919 819 958 ΖΕΒ
853 917 1034 959 δοθεῖσα
1066 917 1193 959 ἐστιν.

786 1078 826 1121 8.

580 1157 648 1198 Ad
677 1171 794 1212 prop.
826 1157 1021 1199 XXXIV.

695 1248 896 1300 ’Ἁλλως.

70 1338 113 1369 15
227 1331 308 1380 Εἰς
339 1330 421 1386 γὰρ
451 1331 755 1386 παραλλήλους
785 1336 836 1385 τῇ
866 1329 988 1372 θέσει
1013 1329 1246 1386 δεδομένας
1269 1332 1345 1380 τὰς
1363 1335 1463 1386 ΑΒ,

141 1401 220 1441 ΓΔ
251 1399 333 1441 ἀπὸ
359 1398 596 1454 δεδομένου
621 1401 800 1454 σημείου
819 1405 897 1441 τοῦ
916 1403 957 1441 Ε
979 1400 1129 1442 εὐθεῖα
1148 1402 1319 1455 γραμμὴ
1339 1401 1462 1455 ἤχθω

139 1468 166 1522 ἡ
197 1471 352 1510 ΕΖΗ·
385 1467 508 1523 λέγω,
540 1469 605 1510 ὅτι
637 1471 764 1522 λόγος
795 1467 884 1510 ἐστὶ
914 1475 989 1523 τῆς
1019 1472 1112 1511 ΗΕ
1140 1470 1247 1533 προς
1277 1471 1356 1524 τὴν
1381 1473 1462 1512 ΕΖ

102 1587 107 1593 ,
140 1529 301 1587 δοθείς.

225 1608 348 1661 ἤχθω
380 1608 463 1662 γὰρ
495 1606 577 1648 ἀπὸ
602 1613 680 1648 τοῦ
705 1610 746 1648 Ε
774 1609 952 1661 σημείου
978 1606 1046 1648 ἐπὶ
1071 1609 1151 1661 τὴν
1177 1610 1256 1649 ΓΔ
1280 1599 1463 1658 κάθετος
1500 1611 1502 1613 ’

71 1685 116 1716 20
140 1675 167 1731 ἡ
192 1679 278 1718 ΕΘ
306 1675 379 1718 καὶ
411 1676 689 1731 ἐκβεβλήσθω
721 1675 790 1718 ἐπὶ
820 1677 868 1717 τὸ
894 1678 946 1717 Κ.
996 1675 1085 1718 ἐπεὶ
1117 1676 1200 1718 ἀπὸ
1226 1676 1461 1732 δεδομένου

140 1744 339 1801 σημείου’
357 1751 435 1787 τοῦ
465 1748 507 1787 Ε
541 1743 610 1787 ἐπὶ
629 1744 767 1787 ’θέσει
798 1743 1036 1799 δεδομένην
1065 1745 1244 1787 εὐθεῖαν
1273 1747 1353 1800 τὴν
1385 1748 1462 1787 ΓΛ

138 1815 290 1858 εὐθεῖα
315 1816 486 1871 γραμμὴ
512 1811 636 1868 ἦκται
660 1814 686 1868 ἡ
711 1817 797 1856 ΕΘ
824 1812 1061 1868 δεδομένην
1087 1820 1273 1856 ποιοῦσα
1297 1817 1462 1868 γωνίαν

136 1886 220 1939 τὴν
255 1884 341 1926 ὑπὸ
371 1891 460 1926 τῶν
490 1886 646 1937 ΕΘΗ,
681 1882 803 1926 θέσει
834 1884 917 1938 ἄρα
948 1881 1066 1925 ἐστὶν
1095 1883 1121 1937 ἡ
1156 1886 1304 1925 ΘΕΚ·
1341 1883 1460 1939 θέσει

138 1951 186 1996 δὲ
209 1952 281 1996 καὶ
306 1952 482 2009 ἑκατέρα
507 1959 595 1999 τῶν
619 1957 661 1994 Α
669 1955 719 2006 Β,
740 1954 834 1994 ΓΔ·
866 1949 1002 1993 δοθὲν
1020 1953 1103 2007 ἄρα
1122 1951 1239 1995 ἐστὶν
1261 1951 1474 2011 ἑκάτερον

207 2127 237 2159 4.
254 2123 366 2170 ἐστιν]
382 2134 496 2169 comp.
510 2123 546 2158 b.
620 2126 651 2158 5.
666 2123 706 2158 τὸ
722 2124 754 2159 Θ
768 2127 916 2167 σημεῖον
929 2122 964 2157 b.
1016 2111 1068 2157 77.
1085 2121 1180 2158 ἐστίν
1194 2134 1229 2170 τε,
1282 2119 1459 2170 ’καί(Ρι·.)]

137 2182 247 2216 supra
278 2181 393 2215 comp.
411 2169 510 2229 Ιαᾶὰ.
543 2182 575 2204 v.
703 2172 734 2204 8,
769 2168 841 2204 ὑπό
861 2171 940 2213 (pr.)
972 2189 1014 2195 —
1048 2172 1078 2203 9.
1113 2170 1227 2204 ΘΗΖ
1285 2169 1357 2204 ὑπὸ
1387 2174 1472 2249 vair

132 2215 523 2308 92922929229929-
575 2213 944 2308 2292292992292
968 2272 1007 2305 v,
1038 2218 1109 2296 29292
1128 2217 1247 2296 929292

135 2314 201 2345 τοῦ
227 2307 376 2355 σημείου
400 2314 465 2343 τοῦ
490 2308 573 2343 Vat.
672 2311 725 2343 17.
760 2308 893 2353 ΕΖΗ]
929 2309 1002 2342 ΖΗ
1024 2319 1055 2342 a.
1153 2310 1207 2342 20.
1235 2306 1313 2342 ἐπεὶ
1333 2304 1400 2342 οὖν
1424 2317 1458 2342 a.
