1520 2508
155 119 240 160 202
537 171 540 173 .
695 82 943 157 Aplssmmx.

155 214 263 269 πρὸς
293 215 373 267 τὴν
403 215 491 255 ΒΓ
515 214 674 264 δοθείς.
739 217 817 257 καί
843 214 932 258 ἐστι
961 217 1029 258 δο-
1332 222 1407 277 Δ’.
1480 206 1520 269 ξ

154 276 282 324 θεῖσα
306 282 332 336 ἡ
354 283 439 325 ὑπὸ
465 290 552 325 τῶν
573 287 660 326 ΔΒ
669 286 711 326 Γ
727 287 882 338 γωνία·
914 285 1031 328 δέδο-
1472 327 1475 330 ⁴

115 375 118 378 ⁴
153 367 222 393 ται
248 353 332 407 ἄρα
356 353 404 394 τὸ
429 356 517 394 ΔΒ
526 355 569 394 Γ
585 355 799 410 τρίγωνον
823 354 882 412 τῷ
907 356 1030 397 εἴδει·
1282 347 1318 403 s

154 421 336 463 δοθεῖσα
366 422 450 477 ἄρα
481 421 598 464 ἐστὶν
628 423 654 477 ἡ
684 410 769 465 ὑπὸ
794 431 882 466 τῶν
907 427 988 466 ΒΔ
997 428 1038 467 Γ
1192 404 1282 494 A<

107 499 127 530 5
153 492 301 543 γωνία.
346 493 422 537 καί
444 491 560 534 ἐστιν
585 492 727 546 αὐτῆς·
741 494 870 548 διπλῆ
895 494 920 547 ἡ
945 494 1030 536 ὑπὸ
1188 528 1205 556 s
1279 495 1326 541 Χ

1415 517 1419 536 ι

153 562 301 601 ΒΑΓ·
344 561 370 614 ἡ
402 562 485 616 ἄρα
514 561 599 604 ὑπὸ
631 568 718 604 τῶν
740 565 871 604 ΒΑΓ
893 566 1030 616 γωνία
1157 572 1176 644 ί
1330 538 1498 656 NJ?

154 629 337 671 δοθεῖσα
362 629 495 672 ἐστιν·
527 629 698 673 δέδοται
724 632 807 687 ἄρα
831 633 880 674 τὸ
899 635 1036 674 ΑΒΓ
1087 621 1128 655 Β

151 700 367 754 τρίγωνον
397 706 456 756 τῷ
487 701 604 742 εἴδει.
1052 729 1054 731 »

79 853 85 858 .
606 840 608 843 ·
783 819 847 859 11.
880 821 883 824 ”

84 903 127 934 10
635 886 701 927 A‘d
731 900 849 941 prop.
881 886 990 928 LIV.

708 957 908 1016 ’Ἄλλως

234 1044 467 1088 Ἐκκείσθω
500 1046 682 1099 δοθεῖσα
713 1047 864 1089 εὐθεῖα
894 1047 920 1101 ἡ
951 1050 1002 1088 Η
1007 1050 1054 1088 Θ.

236 1115 284 1156 τὸ
317 1115 371 1169 δὴ
403 1119 445 1156 Α
475 1121 534 1172 τῷ
566 1119 602 1157 Β
633 1117 728 1169 ἤτοι
760 1116 911 1170 ὅμοιόν
942 1115 1059 1158 ἐστιν
1089 1116 1115 1170 ἢ
1147 1118 1211 1159 οὔ.

237 1186 344 1226 ἔστω
380 1187 592 1240 πρότερον
628 1185 797 1240 ὅμοιον,
834 1184 906 1228 καὶ
941 1187 1213 1241 πεποιήσθω,
1251 1187 1309 1236 ὡς
1338 1187 1474 1240 ἡΤΔ

83 1262 125 1293 15
150 1254 259 1309 πρὸς
280 1255 368 1308 ,τὴν
398 1257 500 1307 ΕΖ,
538 1254 675 1304 οὕτως
705 1255 731 1309 ἡ
762 1257 855 1297 ΗΘ
883 1256 992 1309 πρὸς
1021 1257 1100 1310 τὴν
1131 1258 1231 1309 KA,
1268 1254 1339 1298 καὶ
1371 1255 1473 1298 ἀνα-
1494 1302 1497 1305 ,

151 1323 388 1378 γεγράφθω
427 1323 509 1365 ἀπὸ
546 1330 633 1366 τῶν
669 1326 895 1378 ΗΘΚΛ
936 1331 1026 1373 τοῖς
1062 1328 1122 1378 Α,
1154 1327 1191 1390 Β
1235 1324 1360 1379 ὅμοια
1401 1323 1473 1367 καὶ

151 1392 309 1447 ὁμοίως
343 1394 517 1446 κείμενα
554 1394 605 1434 τὰ
636 1396 700 1447 M
724 1396 789 1435 N·
835 1392 1007 1435 δέδοται
1038 1394 1122 1449 ἄρα
1153 1385 1355 1450 ἕκατερον
1385 1401 1472 1436 τῶν

147 1465 218 1516 M,
242 1465 294 1504 N
324 1469 383 1504 τω
421 1463 538 1504 εἴδει.
597 1460 668 1504 καὶ
699 1462 795 1505 ἐπεί
822 1462 958 1517 ἐστιν,
995 1463 1053 1512 ὡς
1082 1462 1108 1516 ἡ
1142 1465 1221 1505 ΓΔ
1256 1464 1364 1519 πρὸς
1393 1465 1472 1518 τὴν

148 1534 250 1592 EZ,
287 1531 425 1580 οὕτως
460 1530 486 1584 ἡ
524 1534 616 1573 ΗΘ
651 1533 759 1587 πρὸς
795 1533 875 1586 τὴν
905 1534 1007 1586 ΚΛ,
1048 1530 1120 1574 καὶ
1155 1531 1472 1588 ἀναγέγραπται

80 1608 125 1640 20
149 1599 232 1642 ἀπὸ
263 1607 351 1641 τῶν
378 1602 468 1653 ΓΔ,
493 1603 589 1653 ΕΖ,
614 1603 719 1654 ΗΘ,
745 1603 828 1642 ΚΛ
859 1601 985 1655 ὅμοια
1014 1600 1087 1642 καὶ
1111 1601 1270 1656 ὁμοίως
1299 1604 1472 1656 κείμενα

147 1670 434 1753 εὐθύγραμμα
465 1669 517 1711 τὰ
541 1674 596 1723 Α,
622 1673 672 1723 Β,
697 1672 761 1724 Μ,
786 1672 843 1724 Ν,
875 1672 992 1712 ἔστιν
1023 1671 1106 1726 ἄρα
1137 1671 1195 1720 ὡς
1219 1671 1267 1713 τὸ
1292 1676 1335 1713 A
1364 1673 1472 1727 πρὸς

147 1740 195 1780 τὸ
221 1741 272 1793 Β,
304 1738 442 1789 οὕτως
469 1739 520 1781 τὸ
551 1742 610 1781 Μ
631 1739 740 1794 πρὸς
769 1740 817 1780 τὸ
847 1741 904 1781 Ν.
953 1741 1081 1792 λόγος
1111 1737 1159 1781 δὲ
1189 1746 1267 1782 τοῦ
1292 1743 1334 1781 Α
1363 1742 1471 1796 πρὸς

148 1809 196 1850 τὸ
222 1811 259 1849 Β
285 1808 451 1857 δοθείς·
483 1810 610 1862 λόγος
640 1809 736 1864 ἄρα
747 1806 820 1849 καὶ
843 1813 921 1849 τοῦ
947 1810 1005 1849 Μ
1027 1809 1136 1863 πρὸς
1159 1810 1207 1850 τὸ
1233 1812 1284 1851 Ν
1309 1810 1468 1859 δοθείς.

149 1875 285 1920 δοθὲν
310 1875 357 1919 δε
381 1878 430 1919 τὸ
447 1880 519 1919 Μ·
552 1877 634 1919 ἀπὸ
654 1877 736 1932 γὰρ
757 1875 989 1931 δεδομένης
1013 1877 1188 1926 εὐθείας
1211 1884 1270 1935 τῷ
1296 1877 1464 1933 μεγέθει
1505 1936 1508 1938 Ὗ

72 1951 123 1986 ‘25
149 1946 466 2002 ἀναγέγραπται
498 1945 732 2001 δεδομένον
763 1942 894 1995 εἶδος·
938 1944 1073 1988 δοθὲν
1109 1947 1193 2001 ἄρα
1230 1946 1302 1989 καὶ
1332 1949 1380 1990 τὸ
1412 1951 1467 1991 Ν.

241 2123 270 2153 1.
298 2119 388 2164 ΒΓ]
417 2117 754 2161 BPAPetVat„
779 2116 1205 2161 inqqude1.m.2;
1234 2120 1354 2152 FBv.
1434 2122 1465 2153 6.

147 2165 369 2210 BAF(pr.)]
400 2170 472 2199 τῶν
498 2166 606 2198 ΒΑΓ
630 2163 666 2198 b.
784 2163 807 2208 ἡ
839 2162 911 2207 ἄρα
936 2183 982 2188 ——
1009 2166 1038 2197 7.
1066 2162 1176 2209 ἐστιν]
1208 2164 1364 2199 δοθεῖσα
1394 2163 1467 2208 ἄρα

146 2211 209 2246 καὶ
233 2210 256 2255 ἡ
281 2210 354 2245 ὑπὸ
379 2216 450 2245 τῶν
478 2212 598 2244 ΒΑΓ·
633 2209 704 2244 ἔστι
729 2206 769 2244 δὲ
795 2209 858 2244 καὶ
865 2177 905 2254 ρὴ
930 2209 1001 2244 ὑπὸ
1026 2215 1099 2244 τῶν
1125 2212 1234 2244 ΑΒΓ
1259 2209 1373 2254 γωνία
1405 2211 1466 2246 δο-

144 2259 269 2292 θεῖσα
301 2257 364 2292 καὶ
395 2256 502 2301 λοιπὴ
534 2255 580 2299 ἄρ
583 2269 607 2290 α
631 2255 653 2300 ἡ
679 2256 750 2290 ὑπὸ
781 2262 852 2291 τῶν
878 2257 980 2290 ΑΓΒ
1012 2254 1126 2300 γωνία
1152 2255 1307 2291 δοθεῖσα
1333 2256 1405 2291 ἐστι
1430 2256 1464 2292 b.
1502 2275 1504 2277 >

194 2307 245 2338 13.
272 2302 334 2348 δή]
360 2300 402 2336 δέ
426 2302 460 2336 b.
540 2301 650 2348 ἐστιν]
678 2312 746 2336 om.
772 2302 807 2336 b.
905 2305 957 2336 16.
984 2301 1072 2336 Post
1099 2303 1175 2338 ΗΘ
1200 2301 1270 2336 del.
1290 2313 1381 2345 προς
1399 2315 1466 2348 την
1505 2307 1508 2309 ’
