1520 2508
118 95 204 137 150
645 96 911 130 AEAOMENA.

738 215 789 254 οη
810 233 820 242 .

207 281 310 323 Ἐὰν
347 279 483 323 δοθὲν
519 278 634 330 εἶδος
669 283 778 337 πρός
812 296 854 323 τι
891 282 1168 337 ὀρθογώνιον
1204 283 1336 336 λόγον
1366 285 1438 339 ἔχῃ
1476 266 1495 340 ᾗ
1515 324 1520 340 A

118 349 373 405 δεδομένον,
410 350 481 392 καὶ
512 353 588 405 μία
618 351 783 406 πλευρὰ
813 352 921 407 πρὸς
950 354 1055 406 μίαν
1085 352 1278 407 πλευρὰν
1308 354 1439 406 λόγον
1491 341 1520 405 {¹

119 422 192 474 ἔχῃ
224 419 427 474 δοθέντα,
458 419 632 462 δέδοται
662 421 710 462 τὸ
742 420 1018 476 ὀρθογώνιον
1047 427 1107 478 τῷ
1139 422 1255 463 εἴδει.

70 499 89 529 5
208 487 344 530 δοθὲν
374 490 456 544 γὰρ
489 486 604 538 εἶδος
633 490 681 531 τὸ
713 493 844 531 ΑΖΒ
875 492 983 545 πρός
1013 506 1053 531 τι
1085 490 1361 545 ὀρθογώνιον
1391 492 1438 533 τὸ
1517 509 1520 543 !

119 561 199 600 ΓΔ
235 560 368 611 λόγον
399 558 525 612 ἐχέτω
558 557 811 613 δεδομένον,
848 558 919 600 καὶ
951 561 1057 601 ἔστω
1090 562 1217 613 λόγος
1252 566 1327 614 τῆς
1359 563 1439 602 ΖΒ
1484 605 1520 626 a

115 629 223 683 πρὸς
258 629 338 681 τὴν
369 631 458 668 EA
495 628 661 676 δοθείς·
705 626 834 682 λέγω,
871 629 937 670 ὅτι
974 627 1146 670 δέδοται
1183 630 1230 670 τὸ
1264 631 1343 671 ΓΔ
1379 636 1437 686 τῷ
1484 632 1520 687 “13

117 697 234 738 εἴδει.

204 766 528 822 ἀναγεγράφθω
555 767 637 822 γὰρ
664 765 746 808 ἀπὸ
772 773 847 820 τῆς
868 770 948 808 ΖΒ
973 767 1246 823 τετράγωνον
1267 769 1314 809 τὸ
1337 770 1437 822 ΖΙ-Ι,
1487 768 1491 823 Ἰ

46 844 89 875 10
113 834 186 878 καὶ
215 837 565 891 παραβεβλήσθω
603 836 719 891 παρὰ
750 837 829 890 τὴν
860 839 948 877 EA
984 842 1042 893 τῷ
1077 839 1171 878 ΖΗ
1202 841 1298 879 ἴσον
1331 851 1439 893 παρ--
1489 849 1491 855 ’

115 908 477 961 αλληλόγραμμον
507 905 555 946 τὸ
587 907 694 958 ΕΚ,
730 904 802 946 καὶ
838 907 1000 948 κείσθω
1033 906 1141 948 ὥστε
1172 905 1238 948 ἐπ’
1266 907 1441 957 εὐθείας
1490 895 1493 898 “

115 971 227 1018 εἶναι
263 975 343 1028 τὴν
381 976 464 1015 ΓΕ
503 981 554 1029 τῇ
591 977 692 1015 ΕΘ·
742 973 808 1016 επ’
844 975 1018 1023 εὐθείας
1060 976 1143 1030 ἄρα
1180 975 1269 1017 ἐστὶ
1303 975 1374 1018 καὶ
1412 976 1437 1030 ἡ

114 1046 210 1085 MA
240 1050 291 1099 τῇ
318 1045 420 1086 AK.
468 1042 540 1084 καὶ
569 1042 658 1085 ἐπεὶ
685 1043 767 1085 ἀπὸ
798 1049 873 1098 τῆς
897 1044 1029 1098 αὐτῆς
1059 1044 1234 1095 εὐθείας
1257 1052 1332 1100 τῆς
1358 1049 1438 1088 ΖΒ

115 1114 195 1155 δύο
233 1113 540 1169 εὐθύγραμμα,
585 1112 611 1154 ἃ
649 1115 817 1167 ἔτυχεν,
860 1112 1069 1168 δεδομένα
1104 1120 1163 1171 τῷ
1199 1116 1304 1156 εἴδει
1336 1115 1438 1156 ἀνα-

45 1190 88 1220 15
114 1181 351 1238 γέγραπται
381 1183 434 1223 τὰ
465 1185 610 1236 ΑΖΒ,
638 1185 745 1236 ΖΗ,
789 1185 916 1236 λόγος
952 1184 1036 1238 ἄρα
1074 1182 1162 1225 ἐστὶ
1198 1190 1275 1225 τοῦ
1307 1187 1437 1226 ΑΖΒ
1494 1183 1496 1185 ’

113 1253 223 1307 πρὸς
252 1253 301 1293 τὸ
329 1254 423 1293 ΖΗ
450 1253 610 1301 δοθείς.
660 1257 738 1293 τοῦ
769 1249 817 1293 δὲ
840 1255 971 1293 ΑΖΒ
995 1253 1104 1308 πρὸς
1128 1254 1176 1294 τὸ
1203 1255 1282 1294 ΓΔ
1313 1255 1439 1307 λόγος

117 1320 206 1363 ἐστὶ
237 1321 404 1370 δοθείς·
436 1319 507 1363 καὶ
532 1327 611 1363 τοῦ
638 1324 731 1363 ΖΗ
758 1322 841 1377 ἄρα
870 1322 978 1376 πρὸς
1008 1322 1057 1363 τὸ
1085 1324 1164 1363 ΓΔ
1194 1324 1321 1375 λόγος
1347 1321 1435 1364 ἐστὶ

114 1391 275 1440 δοθείς.
332 1390 439 1433 ἀλλὰ
470 1392 518 1433 τὸ
552 1394 646 1432 ΖΗ
670 1380 730 1448 τῷ
762 1394 853 1432 ΕΚ
880 1391 969 1433 ἐστι
1001 1395 1114 1433 ἴσον·
1146 1390 1217 1433 καὶ
1247 1397 1325 1432 τοῦ
1359 1394 1438 1433 ΓΔ

114 1460 198 1515 ἄρα
227 1461 335 1515 πρὸς
365 1461 413 1501 τὸ
439 1462 530 1501 ΕΚ
557 1462 685 1513 λόγος
716 1459 805 1502 ἐστὶ
831 1461 997 1510 δοθείς·
1029 1461 1136 1502 ὥστε
1160 1459 1232 1502 καὶ
1256 1466 1331 1515 τῆς
1357 1463 1440 1502 ΓΕ

44 1535 89 1566 20
114 1530 222 1585 πρὸς
258 1530 338 1584 τὴν
368 1532 454 1570 ΕΘ
489 1531 617 1583 λόγος
654 1528 742 1571 ἐστὶ
774 1530 934 1579 δοθείς.
995 1528 1066 1571 καὶ
1098 1528 1187 1571 ἐπεὶ
1219 1534 1315 1572 ἴσον
1346 1529 1435 1572 ἐστὶ

111 1596 185 1640 καὶ
228 1598 461 1652 ἰσογώνιον
501 1599 549 1640 τὸ
589 1601 683 1640 ΖΗ
719 1605 778 1655 τῷ
816 1601 921 1652 ΕΚ,
965 1598 1074 1653 [ἔστι
1112 1596 1159 1639 δὲ
1194 1597 1265 1640 καὶ
1302 1598 1434 1654 ὀρθο-
1505 1614 1508 1653 j

111 1667 311 1722 γώνιον·]
357 1667 728 1710 ἀντιπεπόνθασιν
759 1669 842 1723 ἄρα
874 1667 1020 1709 αὐτῶν
1050 1668 1098 1709 αἱ
1125 1670 1326 1723 πλευραί,
1363 1670 1440 1709 καί
1506 1675 1507 1678 ’

108 1736 231 1779 ἐστιν
273 1737 331 1787 ὡς
369 1736 396 1791 ἡ
435 1740 515 1778 ΖΒ
551 1737 659 1791 πρὸς
695 1740 803 1789 EA,
847 1737 985 1786 οὕτως
1021 1736 1046 1789 ἡ
1079 1739 1164 1778 ΕΘ
1199 1737 1307 1792 πρὸς
1339 1739 1433 1778 ΖΛ.
1508 1761 1520 1805 ξ

107 1808 239 1860 λόγος
280 1807 328 1848 δὲ
369 1806 591 1848 ὑπόκειται
634 1812 708 1860 τῆς
746 1809 826 1847 ΖΒ
868 1806 977 1861 πρὸς
1019 1807 1099 1859 τὴν
1135 1809 1224 1847 EA
1267 1806 1434 1854 δοθείς·
1512 1808 1520 1814 ’”

203 1913 234 1944 2.
263 1908 340 1955 ἔχῃ]
374 1919 462 1944 corr.
490 1919 534 1943 ex
561 1908 632 1954 ἔχει
657 1920 689 1943 v.
796 1912 826 1942 3.
853 1906 958 1953 πρός]
985 1918 1053 1942 om.
1081 1907 1184 1951 Vat„
1216 1907 1300 1942 add.
1326 1919 1372 1942 m.
1400 1911 1431 1942 2.

153 1957 188 1989 4.
222 1954 300 2002 ἔχῃ]
337 1955 409 2001 ἔχει
433 1967 465 1990 v,
585 1958 634 1989 τῶ
660 1954 766 2000 εἴδει]
798 1964 866 1988 om.
894 1953 929 1988 b.
1050 1958 1081 1988 5.
1108 1952 1225 1989 δοθέν
1252 1975 1295 1979 -
1322 1954 1432 1997 ὀρθο-
1506 1997 1507 2002 ¹

108 2001 259 2047 φώνων]
290 2002 330 2036 τὸ
361 2004 463 2036 ΑΖΒ
493 2000 584 2045 πρός
612 1991 648 2036 b.
775 2003 828 2034 11.
868 1997 1046 2035 ἐκκείσθω
1083 1999 1117 2034 b.
1245 2002 1299 2033 13.
1337 2000 1432 2091 AX}
1506 2014 1508 2018 >

109 2049 177 2082 EA
201 2047 235 2083 b.
322 2052 375 2084 14.
403 2047 663 2092 εὐθύγραμμα]
689 2046 779 2082 εἴδει
803 2058 836 2081 V.
911 2045 970 2081 ἕτυ
995 2058 1011 2081 ε
1031 2046 1065 2080 b.
1140 2050 1193 2080 15.
1219 2047 1415 2090 AZB(pr.)

107 2096 173 2127 AB
198 2105 231 2138 v,
258 2097 361 2129 ABZ
385 2094 420 2129 b.
499 2095 590 2139 ZH]
618 2096 730 2128 BZH
751 2105 783 2128 v.
866 2095 918 2126 16.
945 2060 1051 2137 λόγος
1076 2090 1170 2138 ἐστί]
1197 2091 1302 2126 om.b.
1332 2136 1339 2143 .
1378 2094 1431 2126 18.

106 2138 199 2174 ἀλλά
218 2161 261 2165 ——
284 2144 336 2175 19.
355 2139 508 2186 ’δοθείς]
535 2151 603 2174 om.
630 2140 664 2174 b.
763 2142 816 2173 18.
842 2137 898 2184 τό]
923 2141 972 2172 τῶ
996 2150 1028 2172 v.
1124 2138 1188 2185 τῷ]
1213 2139 1303 2172 mut.
1329 2148 1368 2171 1n
1391 2136 1433 2172 τό

106 2197 152 2220 m.
180 2190 200 2220 2
227 2198 259 2221 v.
375 2191 429 2221 21.
456 2185 520 2222 καί
539 2188 619 2231 (pr.)
647 2207 688 2212 —
715 2189 769 2221 23.
796 2184 907 2230 ἐστιν]
939 2174 1012 2228 όὲρα
1042 2184 1074 2219 b.
1189 2188 1243 2218 21.
1279 2183 1373 2218 ἔστιν
1398 2194 1431 2218 v,

154 2230 216 2278 δέ]
242 2232 311 2277 γάρ
337 2233 419 2268 edd.
519 2232 592 2267 ἔστι
617 2230 657 2267 δὲ
683 2232 746 2267 καὶ
771 2231 1018 2276 ὀρθογώνιον]
1045 2230 1159 2265 deleo.
1262 2233 1316 2264 23.
1345 2229 1433 2274 EA]

106 2278 174 2323 τὴν
200 2283 233 2314 Δ
242 2281 273 2313 Ε
297 2278 331 2313 b.
429 2279 497 2324 τὴν
527 2281 587 2313 ΖΛ
611 2278 646 2313 b.
743 2281 798 2313 24.
823 2276 1030 2322 ὑπόκειται]
1056 2287 1125 2312 om.
1146 2276 1181 2311 b.
