1520 2508
529 61 899 95 PROLEGOMENA.
1306 55 1387 91 LXI

46 165 139 209 (238,
154 161 211 206 11)
235 155 454 204 περιφέρεια
479 155 611 201 (γωνία
634 154 788 200 Hardy).
826 153 944 200 ipsius
964 152 1200 188 coniecturae
1219 150 1386 187 tribuen-

0 245 1 250 ,
48 216 137 251 dum
157 226 193 260 p.
206 215 286 257 454,
301 215 343 246 11
370 213 466 256 (236,
479 210 539 255 20)
564 208 865 254 καταδηλώμεθα
890 207 1205 253 (καταδησὼμεθα
1230 205 1383 250 Hardy).

46 281 82 316 p.
108 269 186 311 455,
212 269 256 301 28
281 266 376 310 (242,
403 265 439 309 5)
469 261 610 297 τούτων
634 273 701 308 pro
728 261 823 297 οὕτω
855 260 970 297 scribi
993 259 1158 304 mauult,
1195 272 1230 305 p.
1257 262 1338 304 457,
1365 262 1385 293 2

46 323 138 368 (248,
162 320 197 365 3)
224 316 459 364 Ἀρχιμήδους
483 314 502 350 ὁ
527 316 695 360 Σερῆνος
727 325 794 360 pro
822 313 1040 360 Ἀρχιμήδης
1069 319 1147 349 τοῦ
1179 312 1386 357 Σερήνου

0 388 1 393 ’
47 374 166 418 iubet3
202 371 318 407 uerba
347 383 384 416 p.
411 372 492 414 455,
518 372 563 403 36
594 369 690 413 (242,
718 370 776 414 13)
807 367 872 403 καὶ
908 369 1129 413 τρίγωνον
1167 365 1387 411 ἰσόπλευρον

47 426 299 471 συστήσασθαι
323 422 484 459 delenda
509 422 645 456 censet.
684 431 729 456 cx
748 420 913 456 editione
937 420 1105 466 principe
1130 421 1179 466 (u.
1200 432 1237 466 p.
1255 419 1386 465 LVIII)

45 478 242 517 nonnullas
267 477 468 523 scripturas
493 475 534 510 in
557 474 633 509 imo
654 486 728 520 mg.
751 474 883 520 adfert,
908 486 943 520 p.
958 477 1039 519 456,
1054 477 1100 509 25
1125 475 1220 520 (246,
1237 475 1271 519 1)
1297 472 1387 508 ὥστε

48 539 124 570 πᾶν
149 531 168 568 ὃ
192 531 376 577 γνώριμον
403 530 469 565 οὐκ
496 528 570 564 ἔστι
595 527 660 563 καὶ
684 527 843 574 πόριμον
867 527 1021 574 recepit.

139 585 212 621 Sed
231 595 275 620 ea
299 583 382 619 laus
402 581 579 628 Gregorio
599 581 832 617 detrahenda
850 592 926 616 non
945 582 1014 626 est,
1040 580 1140 626 quod
1160 591 1205 615 ex
1224 579 1389 615 editione

47 640 125 677 eius
143 639 324 674 Datorum
350 635 475 672 studia
494 636 534 671 in
551 634 750 670 Britannia
768 634 905 670 laetius
924 634 1155 670 efflorescere
1175 635 1387 679 coeperunt.

47 705 94 730 ex
115 689 487 738 interpretationibus
511 687 698 735 Anglicis,
731 688 778 723 de
803 687 940 733 quibus
966 699 1001 724 u.
1026 687 1220 732 Riccardi,
1247 686 1387 733 Saggio

49 746 89 782 di
112 757 187 781 una
210 744 448 791 bibliografia
471 742 663 787 Euclidea,
689 741 858 787 Bologna
884 743 994 785 1887,
1020 751 1268 776 commemoro
1294 739 1389 775 Sim-

49 810 127 844 son,
152 799 230 834 The
247 798 436 834 Elements
457 797 498 832 of
512 795 647 831 Euclid
667 823 766 830 .....
792 794 856 830 the
880 805 1010 839 errors,
1035 794 1087 839 by
1106 793 1229 829 which
1248 793 1387 838 Theon,

50 864 91 889 or
115 852 255 897 others,
284 851 381 886 have
405 850 495 896 long
520 860 591 895 ago
618 847 779 884 vitiated
803 847 910 883 these
934 847 1070 892 books,
1098 858 1161 882 are
1187 846 1387 882 corrected.

48 905 138 941 Also
173 905 236 940 the
265 904 365 940 book
395 903 437 939 of
463 902 628 938 Euclid‘s
659 902 775 947 Data,
815 901 855 936 in
885 901 962 936 like
999 912 1156 936 manner
1186 900 1388 937 corrected.

48 957 266 1005 Edinburgh
287 961 376 993 1823
388 958 424 1002 ¹).
464 956 611 992 Simson
634 956 816 991 Datorum
840 955 980 991 librum
1005 966 1089 990 cum
1115 956 1298 991 statueret
1322 965 1388 1001 per

47 1012 106 1048 tot
129 1010 278 1047 saecula
301 1010 431 1046 multis
458 1009 643 1045 editorum
665 1008 811 1044 mendis
835 1009 1074 1054 inquinatum
1094 1019 1174 1044 esse
1199 1008 1271 1043 hoc
1290 1007 1390 1043 effici

49 1064 186 1110 uoluit,
218 1066 262 1099 ut
286 1064 333 1098 ab
360 1074 405 1098 ea
430 1061 658 1107 subtilitate,
690 1073 764 1107 qua
790 1061 837 1097 ab
862 1061 1019 1097 Euclide
1045 1061 1123 1097 sine
1152 1061 1265 1097 dubio
1292 1062 1391 1096 esset

51 1117 287 1163 compositus,
312 1115 464 1162 propius
484 1115 635 1150 abesset
652 1114 953 1160 geometriaeque
977 1114 1155 1150 studiosis
1174 1115 1392 1150 redderetur

54 1169 191 1206 utilior.
240 1180 354 1215 quare
379 1168 547 1204 ordinem
571 1167 868 1214 propositionum
892 1168 1067 1213 mutauit,
1094 1167 1301 1213 complures
1328 1167 1393 1202 ad-

54 1223 167 1268 didit,
199 1222 293 1258 alias
319 1221 462 1267 omisit,
494 1223 552 1257 ter
574 1221 684 1257 binas
709 1221 749 1256 in
774 1220 942 1267 singulas
968 1220 1178 1265 coniunxit,
1214 1232 1329 1256 unam
1353 1219 1394 1255 in

52 1276 145 1311 duas
170 1274 316 1319 diuisit,
349 1273 388 1308 in
413 1274 793 1309 demonstrationibus
819 1274 922 1309 uiam
947 1285 991 1309 ac
1016 1274 1200 1309 rationem
1224 1273 1393 1309 Euclidis

53 1339 163 1374 saepe
187 1327 349 1372 reliquit.
399 1326 439 1361 in
465 1327 772 1363 adnotationibus
798 1338 931 1363 causas
964 1327 1115 1363 illarum
1140 1327 1393 1362 mutationum

51 1380 174 1416 adfert
193 1382 305 1425 atque
325 1391 465 1415 errores
486 1381 667 1425 quosdam
686 1381 819 1416 Hardii
839 1383 876 1417 et
894 1381 1063 1428 Gregorii
1084 1381 1223 1417 diserte
1243 1381 1393 1417 demon-

52 1433 156 1468 strat.
183 1433 343 1469 Simsoni
356 1433 702 1479 interpretationem
716 1433 935 1471 Germanice
949 1435 1132 1481 expressit
1143 1435 1170 1470 I.
1185 1434 1221 1470 C.
1235 1434 1392 1470 Schwab

53 1485 306 1532 (Stutgardiae
334 1489 447 1532 1780).

145 1539 199 1575 De
235 1539 414 1585 Peyrardi
457 1539 620 1575 editione
657 1541 934 1577 Elementorum
977 1542 1015 1576 et
1050 1541 1252 1585 Datorum,
1296 1552 1392 1586 quae

53 1604 86 1628 a.
101 1596 332 1629 1814-1818
350 1593 507 1629 Parisiis
525 1593 646 1629 tribus
665 1594 919 1630 uoluminibus
932 1594 1072 1630 Graece
1085 1594 1220 1630 Latine
1234 1594 1394 1630 Franco-

51 1645 187 1693 gallice
211 1646 362 1692 prodiit,
388 1658 422 1682 u.
448 1659 483 1692 p.
503 1647 538 1683 V
563 1649 602 1682 et
626 1648 699 1683 uol.
719 1648 754 1683 V
777 1661 812 1694 p.
834 1648 958 1684 CXIII⁴
1008 1646 1206 1692 Datomm,
1233 1659 1330 1693 quae
1354 1648 1394 1683 in

50 1699 162 1735 tertio
193 1698 382 1735 uolumine
414 1699 589 1736 editionis
621 1701 764 1746 insunt,
802 1702 1012 1746 Peyrardus
1046 1701 1215 1736 habebat
1246 1701 1393 1737 codices

53 1754 367 1799 quattuordecim,
392 1756 542 1800 praeter
565 1755 651 1791 Vat.
680 1758 747 1790 190
774 1756 812 1790 et
836 1755 922 1790 Vat.
951 1759 1042 1791 1038
1069 1754 1267 1790 duodecim
1291 1754 1394 1789 Pari-

53 1806 170 1852 sinos,
204 1818 295 1852 quos
320 1807 360 1842 in
383 1808 499 1853 praef.
527 1808 600 1844 uol.
622 1809 639 1844 I
663 1821 698 1854 p.
719 1808 874 1844 XXVIII
887 1820 940 1853 sq.
967 1810 1172 1843 enumerat.
1222 1808 1262 1842 in
1286 1807 1395 1843 Datis

53 1871 197 1905 quoque
223 1860 348 1896 codice
366 1860 453 1896 Vat.
476 1865 543 1896 190
562 1861 618 1897 ita
637 1873 725 1909 usus
746 1863 812 1907 est,
838 1863 881 1897 ut
900 1861 986 1897 inde
1006 1861 1135 1896 multis
1154 1861 1246 1896 locis
1265 1860 1395 1907 genui-

55 1923 142 1947 nam
165 1912 385 1958 scripturam
408 1913 630 1950 restitueret.
680 1926 749 1950 nec
773 1916 902 1950 tamen
926 1926 1039 1950 ausus
1066 1916 1123 1950 est
1148 1925 1193 1950 ex
1217 1914 1393 1950 editionis

54 1964 271 2001 Oxoniensis
289 1965 448 2002 uinculis
467 1966 574 2012 liber,
599 1970 642 2002 ut
662 1968 780 2012 aiunt,
806 1967 966 2003 euolare.
1007 1978 1080 2012 quo
1099 1967 1241 2003 factum
1261 1970 1327 2013 est,
1353 1970 1396 2003 ut

54 2029 195 2064 magna
216 2029 303 2064 pars
330 2021 368 2055 et
391 2019 721 2066 interpolationum
753 2021 904 2056 illarum
935 2022 1021 2058 Vat.
1041 2034 1089 2056 m.
1111 2026 1131 2056 2
1164 2024 1202 2057 et
1231 2033 1396 2058 errorum

54 2069 224 2116 Gregorii
253 2071 314 2107 uel
343 2073 467 2119 potius
498 2073 633 2109 Hardii
664 2074 704 2109 in
735 2074 915 2120 Peyrardi
947 2075 1151 2111 editionem
1185 2075 1394 2122 inrepserit.

150 2190 184 2235 1)
208 2189 289 2224 Hac
313 2190 475 2226 editione
501 2192 675 2237 equidem
699 2205 788 2228 usus
814 2205 912 2238 sum;
937 2193 1099 2239 primum
1123 2194 1224 2230 Data
1246 2194 1394 2230 Simson

53 2234 258 2330 gle'ffentis
290 2237 479 2274 addidisse
510 2240 663 2276 uidetur
687 2241 727 2275 in
752 2240 918 2277 editione
950 2252 982 2277 a.
1012 2245 1120 2287 1756,
1158 2254 1193 2278 u.
1218 2241 1395 2278 Riccardi
