1520 2508
3 44 5 48 ·
47 74 50 76 ’
125 70 180 113 88
652 74 919 108 ΔΕΔΟΜΕΝΑ.

58 802 102 834 10

58 1149 101 1180 15

58 1496 102 1527 20

60 1867 102 1898 25

126 165 336 221 δεδομένα
360 172 420 223 τῷ
440 167 545 207 εἴδει
571 166 894 223 ἀναγεγράφθω
913 167 965 209 τὰ
983 170 1127 223 ΑΒΓ,
1146 171 1296 210 ΑΔΒ·
1327 169 1452 227 λέγω,
1478 182 1507 222 71

126 236 193 278 ὅτι
224 238 352 289 λόγος
384 234 473 277 ἐστὶ
505 241 582 277 τοῦ
614 238 745 278 ΑΓΒ
775 237 885 292 πρὸς
913 238 962 279 τὸ
993 240 1124 279 ΑΔΒ
1157 239 1319 288 δοθείς.

214 306 423 359 ἤχθωσαν
461 305 543 347 ἀπὸ
580 312 668 347 τῶν
704 310 764 360 A,
789 309 827 347 Β
863 309 1052 361 σημείων
1086 314 1138 363 τῇ
1174 311 1260 350 ΑΒ
1300 309 1451 367 εὐθείᾳ

125 376 233 430 πρὸς
252 374 391 430 ὀρθὰς
410 375 458 415 αἱ
473 377 573 429 ΑΕ,
591 377 681 416 ΗΒ
706 373 778 416 καὶ
798 374 1160 430 ἐκβεβλήσθωσαν
1179 376 1247 419 ἐπὶ
1266 378 1318 419 τὰ
1339 382 1387 433 Ζ,
1400 382 1451 434 Θ,

126 443 197 486 καὶ
229 445 302 486 διὰ
333 451 421 486 τῶν
447 447 494 498 Γ,
513 448 556 486 Δ
586 446 775 499 σημείων
804 452 856 501 τῇ
886 448 973 487 ΑΒ
1004 445 1156 503 εὐθείᾳ
1185 447 1451 502 παράλληλοι

126 515 338 568 ἤχθωσαν
369 514 417 555 αἶ
438 516 585 568 ΕΓΗ,
613 517 693 556 ΖΔ
704 517 751 556 Θ.
801 513 890 556 ἐπεὶ
922 514 1093 556 δέδοται
1123 516 1171 557 τὸ
1202 519 1340 558 ΑΒΓ
1362 519 1520 573 ‘cpi—{295

126 598 270 636 γωνον
301 589 359 640 τῷ
391 584 509 637 εῖδει,
540 585 667 637 λόγος
699 583 787 625 ἐστὶ
817 590 892 638 τῆς
918 587 997 626 ΓΛ
1026 586 1134 641 πρὸς
1163 587 1242 640 τὴν
1267 589 1348 628 ΒΑ
1379 587 1451 628 δο-

125 654 233 702 θείς.
283 651 374 695 ἐπεὶ
405 650 485 695 οὗν
517 653 700 695 δοθεῖσα
727 652 844 694 ἐστιν
873 653 899 707 ἡ
923 654 1009 696 ὑπὸ
1034 661 1122 696 τῶν
1149 657 1270 696 ΓΑΒ
1301 658 1451 710 γωνία,

127 724 216 766 ἔστι
248 721 295 765 δὲ
325 722 396 765 καὶ
427 723 453 777 ἡ
482 723 568 765 ὑπὸ
599 730 686 765 τῶν
716 726 847 764 ΕΑΒ
879 724 1079 778 δοθεῖσα,
1109 723 1181 766 καὶ
1209 726 1336 779 λοιπὴ
1368 726 1452 781 ἄρα

127 791 153 846 ἡ
190 792 275 834 ὑπὸ
313 800 400 834 τῶν
431 795 569 834 ΕΑΓ
605 792 693 834 ἐστι
731 793 925 834 δοθεῖσα.
987 795 1076 835 ἔστι
1113 791 1161 835 δὲ
1196 793 1267 836 καὶ
1305 795 1330 848 ἡ
1365 794 1451 836 ὑπὸ

127 869 215 904 τῶν
245 864 384 904 ΑΕΓ
407 864 544 915 γωνία
576 863 773 904 δοθεῖσα·
816 861 888 903 καὶ
919 864 1047 917 λοιπὴ
1079 864 1162 918 ἄρα
1192 863 1218 916 ἡ
1249 863 1334 905 ὑπὸ
1365 871 1454 906 τῶν
1468 858 1507 907 ’ἶ

126 934 252 973 ΕΓΛ
283 931 466 973 δοθεῖσα
498 931 632 973 ἐστιν·
677 930 849 973 δέδοται
879 933 962 987 ἄρα
993 933 1040 974 τὸ
1072 935 1210 974 ΑΕΓ
1237 935 1513 988 τρίγωνον

127 1006 185 1057 τῷ
222 1001 345 1042 εἴδει·
389 1002 517 1054 λόγος
553 1001 637 1056 ἄρα
672 1006 747 1054 τῆς
782 1003 870 1042 EA
905 1002 1013 1055 πρὸς
1048 1002 1128 1055 τὴν
1164 1004 1256 1044 ΑΓ
1292 1003 1451 1052 δοθείς.

127 1076 202 1124 τῆς
232 1067 280 1111 δὲ
313 1073 390 1112 ΓΑ
420 1071 526 1126 πρὸς
557 1071 637 1124 τὴν
669 1073 755 1111 ΑΒ
792 1072 920 1123 λόγος
951 1069 1039 1112 ἐστὶ
1071 1071 1235 1120 δοθείς·
1276 1070 1347 1113 καὶ
1378 1078 1454 1126 τῆς
1480 1067 1512 1116 ξ’

127 1143 216 1181 EA
258 1141 343 1195 ἄρα
379 1141 487 1195 πρὸς
523 1140 603 1194 τὴν
639 1142 726 1181 ΑΒ
770 1141 897 1193 λόγος
933 1139 1022 1181 ἐστὶ
1059 1141 1219 1189 δοθείς.
1292 1141 1365 1182 διὰ
1400 1141 1453 1183 τὰ
1482 1132 1519 1182 'f'

127 1210 238 1251 αὐτὰ
269 1210 322 1263 δὴ
354 1208 425 1250 καὶ
454 1215 525 1263 τῆς
552 1212 637 1250 ΖΑ
666 1210 774 1263 πρὸς
798 1210 878 1263 τὴν
902 1212 988 1250 ΑΒ
1019 1211 1147 1262 λόγος
1172 1209 1262 1252 ἐστὶ
1287 1211 1454 1260 δοθείς·

127 1280 236 1321 ὥστε
271 1277 343 1320 καὶ
379 1285 454 1333 τῆς
489 1281 577 1320 ΕΑ
613 1279 722 1334 πρὸς
756 1279 837 1332 τὴν
872 1281 958 1320 ΑΖ
1001 1281 1129 1332 λόγος
1166 1278 1255 1321 ἐστὶ
1291 1281 1452 1330 δοθείς.

127 1350 203 1390 καί
225 1347 343 1390 ἐστιν
368 1348 426 1397 ὡς
451 1347 476 1401 ἡ
502 1351 592 1390 ΑΕ
619 1349 727 1403 πρὸς
752 1349 831 1402 τὴν
856 1352 898 1389 Α
907 1351 956 1402 Ζ,
987 1348 1124 1398 οὕτως
1148 1350 1196 1390 τὸ
1222 1351 1322 1390 AH
1346 1349 1455 1402 πρὸς
1512 1386 1520 1408 ἐ

127 1419 175 1460 τὸ
209 1421 306 1459 ΘΑ·
351 1418 459 1459 ὥστε
494 1416 566 1458 καὶ
602 1423 680 1459 τοῦ
717 1420 817 1458 AH
852 1419 960 1473 πρὸς
997 1419 1044 1460 τὸ
1076 1421 1165 1460 ΑΘ
1201 1420 1327 1472 λόγος
1363 1417 1452 1460 ἐστὶ

128 1489 289 1537 δοθείς.
350 1489 426 1528 καί
453 1486 542 1528 ἐστι
578 1493 656 1528 τοῦ
693 1484 772 1541 μὲν
802 1490 901 1528 ΑΗ
931 1488 1063 1542 ἥμισυ
1100 1489 1148 1530 τὸ
1183 1490 1332 1542 ΑΒΓ,
1374 1493 1453 1531 τοῦ

129 1555 176 1599 δὲ
206 1560 296 1599 ΑΘ
330 1557 463 1611 ἥμισυ
500 1557 548 1598 τὸ
581 1559 728 1598 ΑΔΒ·
771 1556 843 1598 καὶ
874 1563 952 1599 τοῦ
983 1559 1122 1599 ΑΒΓ
1150 1558 1233 1613 ἄρα
1263 1558 1374 1613 πρὸς
1404 1557 1453 1599 τὸ

127 1629 257 1668 ΑΔΒ
288 1628 417 1680 λόγος
447 1624 536 1668 ἐστὶ
567 1626 728 1675 δοθείς.
1518 1617 1520 1619 ¹

742 1717 836 1772 με’.
1488 1760 1490 1762 ,

214 1787 314 1830 Ἐὰν
351 1787 433 1830 ἀπὸ
470 1794 545 1842 τῆς
581 1788 713 1841 αὐτῆς
749 1788 924 1836 εὐθείας
961 1788 1041 1829 δύο
1078 1788 1383 1844 εὐθύγραμμα,
1426 1787 1452 1830 ἃ
1488 1781 1520 1799 ’ς

129 1860 292 1912 ἔτυχεν,
323 1857 555 1913 ἀναγραφῇ
588 1855 798 1912 δεδομένα
827 1863 886 1913 τῷ
918 1858 1042 1911 εἴδει,
1074 1859 1206 1910 λόγον
1235 1856 1316 1907 ἕξει
1345 1858 1454 1913 πρὸς

129 1929 291 1981 ἄλληλα
323 1926 570 1981 δεδομένον.

223 2033 252 2064 1.
286 2030 406 2075 ΑΔΒ]
432 2032 537 2064 ΑΒΔ
560 2028 688 2064 Vat.b.
808 2031 838 2063 2.
871 2028 989 2074 ΑΓΒ]
1021 2030 1130 2062 ΑΒΓ
1149 2028 1212 2063 vb.
1332 2028 1452 2074 ΑΔΒ]

128 2078 228 2111 ΑΒΔ
252 2075 316 2111 vb.
408 2079 438 2110 6.
467 2076 612 2110 εὐθεῖαι
632 2075 670 2110 αἱ
694 2074 728 2110 b.
821 2078 850 2109 7.
877 2074 965 2109 Post
985 2074 1073 2109 εἴδει
1099 2074 1183 2109 hab.
1205 2073 1360 2109 δοθεῖσα
1380 2074 1453 2109 ἐστι

128 2122 150 2167 ἡ
176 2122 248 2156 ὑπὸ
275 2125 383 2156 ΒΑΓ
402 2120 516 2166 γωνία
542 2122 576 2156 b.
686 2125 716 2156 9.
743 2118 806 2156 καί
820 2120 927 2166 (alt.)]
954 2132 1023 2156 om.
1048 2121 1132 2156 Vat.
1242 2124 1294 2155 10.
1323 2120 1452 2166 ΕΑΓ]
1484 2154 1488 2159 ,

127 2170 236 2203 ΑΓΕ
262 2166 376 2213 γωνία
401 2169 436 2204 b.
511 2167 584 2203 ἐστι
610 2167 780 2226 δοθεῖσαι]
806 2166 962 2202 δοθεῖσα
982 2167 1055 2202 ἐστι
1079 2167 1113 2202 b.
1188 2166 1275 2213 ἔστι]
1302 2166 1397 2202 ἔστιν
1417 2177 1451 2202 v,

176 2218 229 2249 11.
261 2221 333 2250 τῶν
353 2215 448 2260 (pr.)]
475 2225 544 2250 om.
570 2215 605 2249 b.
679 2214 809 2260 γωνια]
835 2225 903 2249 om.
930 2213 963 2248 b.
1040 2217 1093 2248 12.
1121 2213 1194 2248 ἐστι
1218 2213 1322 2248 codd.
1396 2216 1451 2248 18.

130 2262 213 2307 EA]
239 2263 308 2295 ΑΕ
332 2273 364 2295 v.
455 2262 547 2306 ΑΓ]
576 2263 633 2295 ΓΑ
658 2261 693 2296 b.
797 2263 850 2295 15.
879 2260 960 2305 EA]
987 2262 1055 2294 ΑΕ
1079 2259 1113 2294 b.
1210 2259 1298 2305 ἄρα]
1325 2270 1392 2294 om.
1415 2258 1451 2295 b.
