1520 2508
89 851 133 903 1·0

85 1200 133 1231 115

40 1548 134 1600 ¹20

141 359 312 417 ,γωνίαι
348 358 443 411 ἤτοι
481 361 570 398 ἴσαι
608 358 736 411 εἰσίν,
773 356 799 411 ἢ
835 358 979 399 ἄνισοι
1014 356 1111 411 μέν,
1156 355 1382 411 δεδομέναι
1412 356 1520 404 6⁶⁰3

161 124 242 165 138
308 114 316 125 ’
685 124 951 158 ΔΕΔΟΜΕΝΑ.

157 221 241 260 ΚΒ
272 218 380 272 πρὸς
410 219 489 271 τὴν
520 196 608 259 ΛΕ
636 218 796 267 δοθείς.
856 219 945 260 ἔστι
975 215 1023 260 δε
1053 216 1124 260 καὶ
1155 223 1230 272 τῆς
1259 220 1348 260 ΒΓ
1370 219 1503 274 πρὸ.

158 289 236 342 τὴν
260 291 343 329 ΕΖ
374 289 502 341 λόγος
533 288 695 341 δοθείς,
725 286 797 329 καὶ
827 288 875 329 αἱ
901 291 1009 343 πρὸς
1033 295 1123 337 τοῖς
1146 290 1197 341 Β,
1222 290 1264 329 Ε
1291 290 1436 342 σημείο
1460 283 1514 347 1:3⁵*

156 426 228 468 καὶ
269 432 347 468 τοῦ
391 429 479 468 ΓΚ
528 427 611 482 ἄρα
658 418 1107 481 παραλληλογράμμου
1154 427 1262 481 πρὸς
1302 427 1351 468 τὸ
1393 429 1433 469 Λ
1499 422 1520 487 1¹³

157 498 606 551 παραλληλόγραμμον
649 498 776 549 λόγος
815 495 904 538 ἐστὶ
941 497 1107 544 δοθείς·
1151 497 1259 537 ὥστε
1294 494 1365 537 καὶ
1380 498 1520 555 τοῦῗξ

157 568 295 608 ΑΒΓ
330 567 547 628 τριγώνου
582 567 690 620 πρὸς
725 567 774 608 τὸ
804 569 936 608 ΔΕΖ
978 568 1194 620 τρίγωνον
1230 567 1357 618 λόγος
1388 563 1520 610 ἐστὶὶῑξ

160 637 319 685 δοθείς.
374 633 378 637 ⁸

783 709 864 747 07·

239 774 339 817 Ἐἀν
377 775 458 816 δύο
494 775 954 859 παραλληλογραμμων
989 773 1087 829 περὶ
1125 778 1220 823 ἴσας
1257 776 1420 828 γωνίας
1450 758 1520 840 ἣξ

158 844 256 900 περὶ
295 845 474 894 ἀνίσους
515 843 612 899 μέν,
655 844 888 900 δεδομένας
924 844 990 898 δέ,
1033 845 1082 886 αἱ
1119 842 1302 898 πλευραὶ
1344 844 1512 898 οὕτω

159 916 326 969 ἔχωσιν,
361 915 469 956 ὥστε
499 911 610 959 εἶναι
642 915 700 964 ὡς
729 916 809 969 τὴν
838 920 916 956 τοῦ
946 915 1120 969 πρώτου
1150 914 1342 969 πλευρὰν
1372 914 1508 968 πρὸς

158 985 238 1038 τὴν
262 990 340 1026 τοῦ
365 982 570 1038 δευτέρου
595 984 801 1038 πλευράν,
833 984 970 1033 οὕτως
993 985 1073 1038 τὴν
1098 984 1253 1037 λοιπὴν
1278 988 1356 1029 τοῦ
1381 983 1515 1034 δευ-”,·Ἰ

161 1053 287 1109 τέρου
318 1053 511 1109 πλευρὰν
540 1055 649 1109 πρὸς
685 1055 821 1107 ἄλλην
851 1053 967 1107 τινάς
1004 1055 1076 1108 ἔχῃ
1109 1050 1156 1094 δὲ
1186 1052 1211 1106 ἡ
1243 1053 1370 1106 λοιπὴ

158 1124 333 1179 πρώτου
358 1124 524 1174 πλευρὰ
547 1124 655 1178 πρὸς
680 1123 817 1177 αὐτὴν
840 1125 972 1176 λόγον
998 1121 1244 1176 δεδομένον,
1275 1120 1346 1163 καὶ
1371 1118 1502 1162 αὐτὰ

158 1194 210 1235 τα
251 1195 676 1249 παραλληλόγραμμα
717 1194 825 1247 πρὸς
867 1194 1028 1246 ἄλληλα
1060 1193 1203 1247 λόγον
1239 1190 1321 1240 ἕξει
1358 1190 1477 1231 δεδο-

157 1263 300 1319 με’νον.

245 1334 326 1375 δύο
369 1334 451 1386 γὰρ
493 1332 952 1387 παραλληλογράμμων
993 1338 1082 1372 τῶν
1117 1333 1216 1384 ΑΒ,
1250 1332 1347 1371 ΕΗ
1382 1327 1520 1414 περὶιί

160 1407 255 1452 ἴσας
284 1404 445 1456 γωνίας
480 1401 506 1455 ἦ
537 1400 635 1456 περὶ
673 1401 852 1450 ἀνίσους
887 1399 985 1456 μέν,
1028 1398 1262 1454 δεδομένας
1298 1398 1364 1452 δέ,
1405 1398 1479 1448 τὰς

159 1546 248 1596 λας,
279 1543 387 1584 ὥστε
418 1538 530 1582 εἶναι
561 1541 619 1589 ὡς
648 1541 728 1594 τὴν
754 1542 832 1581 ΓΒ
863 1540 971 1594 πρὸς
1000 1554 1081 1592 την
1107 1541 1208 1592 ΖΗ,
1239 1538 1376 1587 οὕτως
1399 1537 1478 1591 τὴν

157 1615 240 1654 ΕΖ
269 1612 378 1665 πρὸς
407 1610 487 1664 τὴν
519 1612 623 1664 ΓΚ,
666 1615 742 1663 τῆς
778 1607 826 1650 δε
856 1611 948 1651 ΑΓ
982 1609 1090 1663 πρὸς
1125 1607 1205 1661 τὴν
1236 1610 1322 1650 ΓΚ
1355 1609 1480 1660 λόγος

158 1683 265 1724 ἔστω
291 1682 456 1729 δοθείς·
488 1678 611 1743 λέγω,
642 1679 708 1721 ὅτι
732 1677 804 1720 καὶ
829 1684 907 1720 τοῦ
928 1680 1007 1720 ΓΔ
1029 1676 1476 1733 παραλληλογράμμου

128 1752 266 1817 ,πρὸς
295 1752 342 1792 τὸ
374 1753 470 1792 ΕΗ
494 1741 943 1804 παραλληλόγραμμον
973 1749 1100 1800 λόγος
1131 1746 1221 1789 ἐστὶ
1252 1747 1411 1795 δοθείς.

87 1895 133 1927 25

157 1474 266 1528 πρὸς
290 1479 380 1527 τοῖς
405 1473 454 1524 Γ
476 1475 511 1512 Ζ
543 1472 591 1512 αἱ
611 1469 793 1525 πλευραὶ
824 1469 961 1519 οὕτως
985 1468 1196 1523 ἐχέτωσαν
1219 1469 1327 1524 πρὸς
1352 1468 1476 1522 ἄλλή-
1504 1293 1520 1552 Ξ

1504 1542 1520 1968 3

1503 1802 1520 1933 3

246 1822 352 1863 ἔστω
384 1820 466 1875 γὰρ
497 1820 721 1903 πρότερον
738 1819 787 1860 τὸ
812 1820 896 1860 ΑΒ
928 1823 987 1874 τῷ
1013 1819 1109 1858 ΕΗ
1136 1817 1378 1870 ἰσογώνιον,
1407 1812 1520 1857 καὶ

157 1890 503 1966 παραβεβλησθω
539 1888 656 1957 παρὰ
692 1887 771 1941 τὴν
806 1889 895 1929 ΒΓ
930 1887 1108 1928 εὐθεῖαν
1144 1892 1203 1943 τῷ
1239 1888 1336 1928 ΕΗ
1372 1893 1477 1939 παρ-

251 1997 282 2027 2.
310 1993 354 2038 Β]
380 1996 412 2027 Δ
436 1991 471 2026 b.
556 1995 587 2026 4.
615 1993 691 2025 ΚΓ
710 1990 744 2025 b.
830 1993 882 2024 12.
887 1987 1036 2035 ουτως]
1062 2000 1149 2023 ωστε
1173 1988 1208 2023 b.
1284 1991 1338 2022 13.
1364 1987 1474 2032 ἄλλην

159 2061 203 2065 -
230 2043 283 2074 14.
316 2036 533 2095 δεδομένον]
564 2037 631 2082 τὴν
660 2036 792 2081 λοιπὴν
822 2041 886 2070 τοῦ
917 2036 1061 2079 πρώτου
1091 2034 1200 2092 λόγον
1233 2034 1328 2080 ἔχειν
1353 2033 1420 2079 (sie
1428 1999 1475 2079 ηβ,

161 2085 198 2131 ἔχ
201 2098 232 2120 ει
255 2085 293 2130 b)
318 2083 519 2129 δεδομένον
543 2084 578 2118 b
676 2087 737 2118 13.-
759 2082 795 2128 ἔχ
799 2094 830 2117 ει
854 2094 886 2117 V.
984 2086 1037 2116 14.
1065 2080 1173 2127 αὐτοὶ]
1200 2092 1269 2115 om.
1289 2081 1324 2115 b.
1421 2083 1473 2115 15.
1511 2076 1520 2101 f>

158 2132 249 2175 πρὸς
279 2131 428 2190 ἄλληλα]
460 2142 528 2166 om.
555 2130 579 2164 b
613 2131 699 2174 (non
729 2130 773 2175 β).
893 2131 947 2163 18.
984 2127 1050 2168 τὰς
1081 2127 1161 2168 ἴσας
1190 2127 1225 2163 b.
1347 2129 1399 2162 19.
1436 2124 1514 2160 αἱ

159 2181 269 2222 πλευρ
250 2176 331 2236 poci]
359 2180 391 2212 E
415 2179 503 2212 πλευ
506 2190 572 2221 ρας
595 2176 630 2211 b.
738 2179 792 2210 21.
828 2175 917 2220 ΓΚ]
943 2177 1015 2209 ΑΓ
1034 2175 1067 2209 b.
1175 2179 1239 2219 τῆς
1263 2194 1308 2199 -
1332 2176 1387 2207 22.
1413 2172 1475 2207 do·
1503 2179 1520 2223 ὓ

158 2223 255 2271 θείς]
281 2226 390 2268 λογον
416 2191 525 2269 ἔχεινρ
536 2220 740 2267 δεδομένον,
762 2222 795 2257 b.
892 2225 946 2256 21.
972 2220 1039 2264 τήν
1059 2220 1136 2265 (alt.
1139 2220 1167 2266 )]
1194 2231 1263 2255 om
1290 2231 1322 2255 v.
1418 2221 1471 2253 23.
1504 2225 1520 2272 ’ᾖ

159 2270 549 2316 παραλληλόγραμμον]
576 2281 644 2304 om.
671 2269 705 2303 b.
789 2271 844 2303 24.
876 2267 1068 2313 πρότερον]
1095 2278 1163 2302 om.
1189 2266 1225 2302 b.
1304 2267 1358 2300 26.
1385 2260 1520 2311 ΒΓ]

162 2321 226 2353 ΓΒ
251 2318 314 2352 vb
413 2317 508 2362 ΕΗ]
536 2318 611 2351 ΗΕ
635 2315 669 2350 b
1502 2288 1520 2396 Ξ
