1520 2508
546 42 915 79 PROLEGOMENA.
1250 39 1409 75 XXXIX

153 139 311 175 Restant
339 136 368 172 ii
396 136 487 182 loci,
525 136 661 183 quibus
691 135 875 172 Theonini
905 136 946 172 in
975 135 1144 171 minutiis
1176 134 1405 181 quibusdam

62 191 238 231 sermonis
268 202 352 227 cum
382 190 515 226 ceteris
546 190 653 226 libris
682 189 906 236 discrepant.
959 191 1071 235 atque
1095 189 1229 224 harum
1254 200 1404 235 quoque

61 245 306 284 mutationum
333 243 425 279 satis
449 255 627 290 magnam
651 245 797 290 partem
822 243 965 279 Theoni
988 243 1184 279 tribuerim
1210 253 1331 288 neque
1357 243 1403 278 de

61 301 132 338 hac
157 297 340 335 sententia
366 297 532 344 depellor
560 296 815 333 inconstantia
845 297 936 342 ista,
969 308 1083 342 quam
1106 296 1147 331 in
1171 295 1230 331 his
1256 307 1404 341 quoque

4 355 5 359 ’
61 355 169 391 rebus
188 350 514 397 deprehendimus;
539 350 645 386 uelut
668 362 704 396 p.
727 354 805 396 112,
827 354 888 395 14,
917 354 995 395 118,
1017 354 1060 385 12
1085 361 1152 396 pro
1178 349 1252 394 ἄρα
1277 349 1406 396 posuit

0 391 5 430 *f
61 407 161 452 ὥστε,
188 406 317 441 contra
339 417 375 450 p.
398 408 475 449 170,
497 407 517 438 7
543 404 617 450 ἄρα
640 414 707 449 pro
734 402 835 440 ὥστε.
884 415 994 450 porro
1018 416 1054 450 p.
1076 407 1156 449 174,
1178 407 1220 438 17
1248 404 1318 439 καί
1337 413 1406 449 pro

0 468 3 493 ε
60 459 103 497 δέ
128 458 364 495 substituisse
389 456 538 492 uidetur
562 457 641 502 (cfr.
668 456 784 492 etiam
808 470 844 503 p.
866 461 945 503 166,
967 459 1019 503 7),
1051 458 1181 492 contra
1206 470 1241 503 p.
1262 461 1318 503 58,
1339 461 1402 502 13,

0 516 3 540 ⁵
61 517 147 559 180,
173 516 216 548 16
248 509 291 547 δέ
313 522 380 557 pro
406 512 487 553 καί,
525 512 638 556 atque
669 510 740 546 hoc
771 510 924 556 quidem
955 510 1037 546 loco
1065 510 1226 545 fortasse
1251 511 1408 556 propter

0 572 1 602 ἴ
59 579 96 614 p.
117 569 196 611 178,
217 568 248 610 7,
268 568 312 599 23
338 563 416 609 (cfr.
436 576 471 609 p.
494 566 572 609 184,
595 565 662 609 16).
701 564 816 599 etiam
839 576 876 610 p.
897 567 952 608 30,
974 566 1020 598 14
1044 561 1088 599 δέ
1111 575 1178 609 pro
1198 565 1321 598 καί-
1336 562 1406 609 μέν

58 620 223 668 positum
246 619 398 664 propter
422 616 489 660 μέν
512 616 576 653 lin.
592 621 636 653 10
662 617 840 653 omissum
858 617 1001 653 Theoni
1019 617 1094 663 ipsi
1113 617 1405 663 adsignauerim.

59 664 96 722 p.
118 677 196 718 182,
218 676 237 708 7
256 672 321 707 καὶ
346 668 432 707 ἐπεί
451 670 615 706 mutauit
638 670 678 706 in
703 668 784 707 ἐπεὶ
806 670 888 717 γάρ,
914 670 1093 716 quoniam
1117 670 1295 706 omiserat
1322 670 1408 707 ἐπε-

61 727 204 774 ζεύχθω
229 725 252 769 ἡ
278 728 358 760 ΒΛ.
400 737 436 770 p.
459 727 536 769 172,
559 727 602 759 19
629 721 759 768 ἐπειδή
783 735 851 770 pro
877 721 959 760 ἐπεὶ
983 725 1053 760 καί
1074 724 1255 770 scriptum
1279 726 1407 759 utrum

59 779 203 816 Tbeoni
225 777 464 814 tribuendum
490 777 540 812 sit
569 788 619 812 an
647 777 821 823 librario,
858 778 1000 814 dubito.
1056 790 1091 824 p.
1114 781 1175 823 60,
1198 782 1240 812 11
1268 776 1312 813 δέ
1335 789 1404 824 pro

60 833 151 880 ἄρα,
176 845 212 879 p.
232 835 287 877 82,
309 835 370 876 24,
397 835 476 876 158,
496 835 517 866 8
537 831 611 877 ἄρα
629 842 695 877 pro
716 829 774 876 δέ,
800 844 835 877 p.
857 836 913 876 98,
933 836 996 876 22,
1022 836 1103 877 202,
1125 835 1167 866 13
1195 829 1239 867 δέ
1256 843 1323 878 pro
1343 831 1404 877 δή,

60 888 154 923 haec
166 884 291 921 omnia
304 895 327 920 a
338 884 487 920 Theone
501 884 626 920 aliena
639 886 736 930 sunt,
755 895 875 929 neque
888 885 1011 920 minus
1023 885 1184 920 mutatio
1198 897 1233 930 p.
1250 888 1329 930 186,
1345 889 1403 920 15.

58 953 94 986 p.
117 943 195 984 180,
217 942 276 983 19,
309 941 388 983 182,
408 941 429 973 5
461 939 499 973 et
527 951 564 984 p.
584 941 664 983 208,
684 941 782 984 5,14
813 938 854 973 in
883 938 1224 984 praepositionibus
1257 938 1332 974 ἀπό
1365 940 1405 974 et

59 993 132 1029 ὑπό
156 990 412 1039 permutandis
430 991 604 1037 peccauit
621 991 814 1036 librarius3
838 991 940 1027 idem
964 1005 999 1038 p.
1021 995 1078 1036 54,
1098 997 1118 1027 6
1141 994 1233 1037 πρός
1253 991 1406 1038 scripsit

58 1058 127 1094 pro
153 1045 214 1087 εἰς.
254 1045 319 1081 sed
342 1057 378 1091 p.
400 1048 478 1088 136,
499 1048 520 1079 9
546 1044 587 1079 ἐκ
611 1056 677 1090 pro
697 1044 772 1080 ἀπό
797 1044 982 1091 imputare
1002 1044 1132 1080 malim
1150 1045 1295 1080 Theoni
1313 1044 1405 1091 (ἀπό

60 1099 245 1135 intactum
280 1095 434 1141 reliquit
469 1108 507 1142 p.
534 1100 619 1142 152,
647 1098 723 1142 10),
767 1097 833 1142 qui
864 1097 943 1132 sine
975 1097 1088 1133 dubio
1119 1109 1186 1143 pro
1221 1097 1313 1143 μετὰ
1338 1104 1406 1134 τοῦ

60 1164 96 1198 p.
117 1155 197 1196 210,
218 1154 262 1185 18
285 1148 467 1196 praetulit
491 1149 556 1185 καὶ
579 1147 620 1184 τό
652 1151 691 1185 et
720 1149 784 1185 lin.
808 1153 946 1186 18—19
971 1163 1011 1186 τε
1035 1171 1081 1177 -
1106 1150 1171 1186 καὶ
1194 1155 1255 1198 τῷ.
1305 1150 1409 1187 idem

59 1218 97 1252 p.
117 1207 197 1249 218,
224 1208 245 1239 8
277 1200 318 1238 ἐκ
342 1208 407 1238 τοῦ
433 1202 476 1238 ὅν
507 1202 548 1237 in
579 1200 618 1246 ἐξ
644 1199 687 1239 οὗ
714 1201 756 1238 ὅν
787 1205 951 1239 mutasse
981 1204 1172 1250 putandus
1204 1206 1278 1250 est,
1313 1205 1407 1241 licet

60 1257 156 1293 iUud
180 1256 245 1292 lin.
268 1259 287 1291 7
312 1255 352 1290 in
375 1256 399 1291 b
425 1255 574 1301 legatur
586 1256 621 1302 1).
672 1255 787 1291 etiam
810 1270 846 1303 p.
869 1261 924 1302 16,
944 1261 1006 1301 21,
1034 1261 1089 1302 18,
1110 1262 1172 1302 12,
1198 1261 1255 1304 20,
1275 1262 1313 1303 2,
1339 1258 1408 1295 ubi

59 1309 244 1347 Theonini
267 1320 334 1354 pro
359 1308 451 1354 μετὰ
476 1315 541 1344 τοῦ
567 1306 652 1354 ἑξῆς
675 1309 858 1354 praebent
881 1309 972 1356 μεθ’
995 1308 1055 1356 οὗ,
1081 1310 1121 1345 in
1146 1322 1230 1346 811111
1255 1311 1407 1358 culpam

59 1362 291 1401 contulerim.
331 1362 424 1407 πρὸς
447 1361 527 1407 τήν,
553 1363 653 1408 quod
678 1362 838 1409 saepius,
865 1363 969 1399 uelut
993 1376 1028 1410 p.
1051 1367 1129 1410 100,
1152 1368 1214 1410 16,
1243 1369 1321 1411 102,
1343 1369 1405 1411 10,

60 1422 139 1463 140,
160 1421 192 1462 8,
213 1420 275 1461 21,
302 1419 380 1461 142,
402 1420 462 1460 10,
491 1419 569 1461 144,
590 1420 622 1461 6,
644 1419 687 1450 17
708 1415 774 1459 aL,
806 1416 846 1452 in
871 1416 1072 1453 'theoninis
1097 1429 1164 1463 pro
1190 1418 1282 1462 πρὸς
1307 1417 1354 1464 ἣν
1380 1419 1404 1465 ἡ

57 1469 263 1515 inuenitur,
300 1479 408 1504 nemo
439 1468 581 1504 tribuet
610 1469 764 1506 Theoni.
813 1470 1003 1506 interdum
1032 1470 1073 1505 in
1103 1471 1306 1507 Theoninis
1336 1484 1406 1518 pro

56 1522 247 1571 praesenti
282 1522 448 1558 futurum
486 1522 731 1558 substitutum
766 1524 837 1568 est,
875 1523 981 1558 uelut
1010 1536 1046 1570 p.
1069 1528 1124 1570 16,
1145 1528 1207 1569 20,
1242 1528 1399 1571 178,10,

58 1577 197 1624 25(β),
225 1579 302 1621 184,
323 1579 367 1610 20
393 1574 495 1610 ἔσται
519 1587 585 1621 pro
612 1572 703 1622 ἐστι,
728 1589 764 1622 p.
787 1580 840 1621 72,
862 1580 923 1622 27,
952 1581 1031 1622 134,
1054 1581 1096 1612 13
1123 1576 1198 1621 ἕξει
1221 1589 1288 1624 pro
1316 1577 1404 1624 ἔχει,

56 1643 94 1677 p.
114 1632 171 1675 48,
193 1633 235 1664 16
255 1633 512 1672 μεταπεσεῖται
531 1639 597 1674 pro
617 1631 854 1675 μεταπίπτει,
875 1630 1024 1677 saepius
1045 1632 1172 1666 autem
1189 1642 1256 1677 pro
1275 1632 1404 1668 futuro

57 1681 367 1729 deprehendimus
392 1692 585 1728 praesens,
611 1682 717 1718 uelut
740 1696 775 1729 p.
798 1687 853 1729 18,
876 1688 935 1728 113
964 1688 1042 1729 164,
1063 1688 1125 1729 24,
1153 1687 1232 1730 168,
1256 1689 1299 1720 15
1326 1682 1405 1721 ἐστι

56 1748 124 1782 pro
151 1735 268 1781 ἔσται,
305 1748 339 1781 p.
362 1739 418 1780 14,
438 1739 476 1779 5,
503 1739 558 1781 26,
581 1740 641 1781 13,
674 1740 730 1783 28,
753 1741 807 1783 12,
830 1741 890 1781 18,
922 1740 978 1782 32,
1000 1742 1037 1782 7,
1063 1741 1119 1783 34,
1142 1742 1174 1782 1,
1195 1741 1256 1782 24,
1284 1742 1339 1782 38,
1361 1743 1404 1784 4,

58 1792 116 1832 40,
140 1793 175 1834 4,
200 1793 238 1833 9,
275 1793 332 1834 44,
361 1793 420 1833 12,
461 1793 539 1835 116,
566 1793 606 1835 8,
648 1794 733 1835 118,
761 1794 781 1825 3
814 1789 890 1836 ἔχει
919 1802 986 1836 pro
1020 1790 1105 1834 ἕξει.
1167 1793 1405 1837 permutatas

57 1841 194 1877 formas
230 1841 337 1877 uerbi
371 1842 522 1878 διδόναι
552 1843 697 1879 Theoni
734 1844 1001 1880 adscribendas
1033 1855 1114 1879 esse
1144 1846 1254 1890 puto,
1296 1845 1405 1881 uelut

58 1907 95 1940 p.
110 1898 188 1941 122,
208 1900 227 1931 7
248 1892 324 1931 ἐστι
342 1896 501 1931 δοθεῖσα
519 1907 586 1942 pro
606 1895 758 1932 δέδοται
780 1899 828 1944 (11.
849 1897 965 1933 etiam
984 1910 1019 1943 p.
1042 1901 1120 1942 128,
1142 1901 1204 1943 20,
1232 1902 1311 1944 172,
1334 1902 1405 1946 11),

57 2031 199 2077 figurae
221 2033 328 2077 parte
353 2032 403 2067 ad
421 2032 580 2068 alteram
600 2032 720 2079 digito
744 2034 811 2068 aut
829 2033 946 2069 oculis
965 2045 1166 2080 parumper
1186 2035 1401 2081 deflectunt,

58 2077 247 2113 interdum
269 2080 407 2124 puncta
437 2081 475 2115 et
498 2081 637 2125 rectas,
670 2091 766 2126 quae
791 2091 836 2116 ex
861 2081 931 2116 hac
956 2092 1043 2116 mox
1066 2082 1272 2128 promenda
1301 2085 1400 2129 sunt,

57 2125 308 2171 praecipiunt,
343 2128 387 2162 ut
420 2126 461 2162 in
491 2127 777 2163 constructionis
814 2128 875 2163 uel
908 2129 1236 2165 demonstrationis
1273 2131 1401 2167 uerbis

57 2173 148 2209 ordo
172 2175 392 2219 punctorum
416 2176 455 2210 et
478 2176 666 2210 rectarum
690 2175 910 2212 inuertatur.

154 2224 188 2265 1)
206 2220 260 2256 De
273 2221 506 2257 memorabili
519 2222 787 2268 compositione
800 2223 997 2259 verborum
1011 2221 1049 2268 ἐξ
1063 2221 1106 2260 οὗ
1122 2223 1165 2260 ὅν
1178 2237 1212 2261 11.
1224 2225 1399 2271 Η11118811,

57 2266 224 2304 Berliner
247 2267 377 2314 philol.
399 2269 698 2306 Wochenschrift
724 2274 813 2306 1891
840 2284 875 2316 p.
898 2274 976 2307 777.
