1520 2508
51 916 94 948 10

50 1264 94 1296 15

49 1637 94 1669 20

115 65 206 130 ⁴334
489 87 726 122 APPENDIX
751 87 1068 122 scnomomm.

1477 0 1520 171 ἲς

205 183 275 224 42.
310 181 355 223 Ρ.
381 182 478 237 226,
506 181 579 236 10]
616 180 692 223 ἐὰν
727 182 809 237 γὰρ
841 181 1071 237 διάμετρον
1103 180 1348 236 ἀγάγωμεν,
1384 183 1438 231 τὰ

118 253 247 295 λοιπὰ
284 253 412 305 δῆλα,
456 251 512 300 ὡς
550 250 596 292 ἐν
632 257 690 307 τῷ
727 250 770 304 γ’
801 258 888 293 τῶν
924 253 1147 305 στοιχείων
1190 250 1237 293 ἐν
1271 257 1331 308 τῷ
1365 250 1435 294 λδ’
1494 272 1501 302 j

117 322 383 377 θεωρήματι·
416 320 511 362 ὅλαι
536 321 618 375 γὰρ
644 322 692 362 αἱ
714 319 945 375 τέμνουσαι
970 321 1138 363 εὐθεῖαι
1168 322 1216 363 τὸ
1240 320 1325 362 ὑπὸ
1351 329 1436 364 τῶν

118 391 349 446 τμημάτων
380 395 477 432 ἴσον
508 392 653 445 ἔχουσι
684 396 742 447 τῷ
774 390 857 432 ἀπὸ
888 396 963 445 τῆς
993 389 1313 445 ἐφαπτομένης,

204 473 274 515 43.
310 471 538 527 Ἑκάτερον
574 472 656 526 γὰρ
693 471 838 513 αὐτῶν
878 475 973 513 ἴσον
1017 470 1106 513 ἐστὶ
1141 477 1200 528 τῷ
1238 471 1321 513 ἀπὸ
1363 477 1438 526 τῆς

120 541 416 597 ἐφαπτομένης
446 547 524 583 τοῦ
554 542 727 583 κύκλου.

405 681 472 722 Ad
502 695 619 736 prop.
651 679 789 722 XCIII
821 681 1047 722 demonstr.
1080 681 1150 722 alb.

1503 245 1520 284 ss

1500 285 1520 322 »τ

1504 318 1520 347 4

1501 352 1520 385 ⁴4

1504 393 1520 435 ’,ἐς

205 765 272 805 44.
322 767 426 812 Πῶς
463 763 488 817 ἡ
524 763 609 804 ὑπὸ
647 765 776 804 ΑΓΒ
820 761 1018 817 ἑκατέρας
1053 769 1140 803 τῶν
1176 761 1260 803 ὑπὸ
1297 763 1439 816 ΑΓΛ,
1511 766 1515 782 ’·

120 836 247 876 ΓΒΕ
275 832 363 874 ἐστι
395 833 542 887 διπλῆ;
592 832 638 874 ἐν
668 838 727 889 τῷ
758 834 840 888 πρὸ
872 833 1028 874 τούτου
1059 832 1306 887 θεωρήματι
1338 832 1438 884 δίχα
1518 841 1520 886 j

118 903 260 958 τέμνει
291 904 370 957 τὴν
403 902 487 944 ὑπὸ
518 905 659 944 ΑΓΒ.
721 901 810 944 ἐπεὶ
841 899 921 944 οὖν
951 902 1166 956 τριγώνου
1202 906 1280 942 τοῦ
1313 902 1437 942 ΓΕΒ
1518 906 1520 937 ἶ

119 972 237 1023 ἐκτός
257 972 373 1014 ἐστιν
392 972 418 1026 ἡ
437 972 522 1014 ὑπὸ
542 973 684 1025 ΑΓΒ,
711 975 780 1025 ἴση
807 970 895 1012 ἐστὶ
914 978 1007 1020 ταῖς
1024 970 1109 1012 ὑπὸ
1130 972 1268 1023 ΓΕΒ,
1287 971 1436 1011 ΕΒΓ·
1516 1019 1520 1034 .=

118 1044 167 1085 αἱ
199 1041 246 1084 δὲ
282 1043 367 1084 ὑπὸ
401 1044 544 1096 ΓΕΒ,
575 1044 707 1083 ΕΒΓ
737 1048 812 1095 τῆς
846 1041 930 1082 ὑπὸ
962 1042 1095 1082 ΕΒΓ
1125 1040 1276 1081 διπλαῖ
1310 1040 1439 1080 εἰσιν·

119 1116 208 1154 ἴσαι
233 1113 315 1167 γὰρ
341 1112 546 1165 ἀλλήλαις
570 1113 693 1166 εἰσίν,
722 1110 811 1153 ἐπεὶ
834 1110 906 1152 καὶ
930 1111 1095 1165 πλευρὰ
1120 1110 1145 1164 ἡ
1167 1111 1255 1151 ΕΓ
1273 1112 1438 1165 πλευρᾷ
1516 1123 1518 1125 ·

118 1190 169 1239 τῇ
195 1185 283 1224 ΒΓ
303 1187 391 1236 ἴση·
424 1183 554 1236 διπλῆ
578 1183 661 1237 ἄρα
685 1180 757 1223 καὶ
781 1180 807 1234 ἡ
831 1180 916 1222 ὑπὸ
942 1182 1070 1221 ΑΓΒ
1095 1186 1170 1233 τῆς
1193 1179 1278 1221 ὑπὸ
1302 1181 1437 1220 ΓΒΕ.

119 1255 209 1295 ἔστι
235 1251 282 1294 δὲ
307 1251 378 1294 καὶ
403 1258 479 1306 τῆς
501 1251 586 1294 ὑπὸ
612 1255 653 1293 A
662 1253 703 1293 Γ
698 1255 740 1293 Λ
772 1252 918 1304 διπλῆ·
952 1254 1021 1303 ἴση
1047 1251 1129 1305 ἄρα
1155 1249 1180 1303 ἡ
1205 1248 1289 1290 ὑπὸ
1309 1250 1439 1290 ΑΓΔ
1518 1255 1520 1296 j

117 1329 169 1378 τῇ
198 1322 284 1364 ὑπὸ
317 1324 452 1364 ΓΒΕ.

204 1404 273 1446 45.
320 1403 523 1445 Τουτέστι
548 1410 599 1459 τῇ
623 1403 708 1445 ὑπὸ
733 1410 820 1444 τῶν
846 1405 975 1444 ΑΒΔ
999 1417 1037 1456 p.
1059 1402 1156 1456 226,
1178 1400 1250 1454 19]
1281 1401 1329 1441 τὸ
1355 1400 1438 1455 γὰρ

118 1474 224 1516 αὐτὸ
255 1480 396 1528 τμῆμα
425 1473 642 1515 ὑποτείνει
673 1473 804 1521 αὐτὰς
834 1473 882 1514 τὸ
914 1475 1010 1513 ΑΛ.

205 1556 273 1598 46.
315 1554 403 1596 Καὶ
435 1554 523 1597 ἐπεὶ
555 1556 786 1608 ἰσογώνιόν
817 1553 904 1595 ἐστι
935 1569 973 1608 p.
1001 1553 1096 1607 228,
1125 1552 1167 1606 1]
1200 1556 1270 1605 ἴση
1301 1551 1383 1606 γὰρ
1411 1549 1436 1603 ἡ
1518 1568 1520 1584 :

118 1625 203 1668 ὑπὸ
237 1628 361 1667 ΓΑΒ
391 1631 442 1680 τῇ
474 1625 557 1667 ὑπὸ
590 1627 731 1678 ΓΔΒ,
762 1626 850 1665 ἔστι
882 1621 929 1664 δὲ
959 1622 1029 1664 καὶ
1060 1622 1085 1675 ἡ
1116 1622 1200 1663 ὑπὸ
1233 1623 1358 1662 ΖΒΔ
1387 1627 1438 1675 τῇ
1518 1623 1520 1658 1

118 1696 203 1738 ὑπὸ
236 1697 365 1736 ΑΕΒ
411 1698 480 1748 ἴση
518 1694 589 1735 διὰ
626 1694 673 1735 τὸ
711 1694 789 1747 τὴν
824 1692 909 1734 ὑπὸ
942 1694 1070 1733 ΓΒΕ
1109 1697 1159 1746 τῇ
1195 1691 1279 1732 ὑπὸ
1313 1692 1437 1732 ΓΕΒ

121 1770 232 1819 ἴσην,
264 1764 352 1806 ἐπεὶ
383 1763 455 1806 καὶ
479 1764 643 1819 πλευρὰ
667 1762 693 1816 ἡ
720 1765 798 1804 ΓΒ
830 1768 880 1817 τῇ
908 1763 990 1803 ΓΕ
1019 1765 1102 1815 ἴση,
1135 1765 1204 1814 ἴση
1231 1758 1278 1802 δὲ
1302 1760 1328 1814 ἡ
1352 1760 1437 1801 ὑπὸ

118 1962 167 1998 Pl
205 1919 267 1997 212.
294 1915 408 1950 Plva..
505 1917 559 1948 43.
586 1913 654 1948 Pv.
750 1916 804 1946 44.
831 1911 1066 1954 PlVat.vop.
1163 1913 1216 1945 45.
1243 1909 1281 1944 P.
1383 1913 1437 1943 46.

174 1974 197 1997 v
227 1991 232 1997 .

215 2106 243 2137 1.
272 2100 483 2147 διάμετρον]
509 2098 646 2145 γωνίαν
673 2110 787 2144 comp.
813 2098 877 2142 Pl,
910 2109 978 2132 om.
1004 2098 1032 2130 λ.
1147 2099 1177 2129 2.
1215 2094 1290 2140 26¹]
1321 2093 1381 2128 λα’
1407 2096 1436 2137 λ,

120 2151 176 2184 est
199 2148 259 2191 ΙΙΙ,
286 2153 341 2183 36.
419 2151 451 2183 4.
477 2148 540 2193 τῶ]
565 2146 610 2181 τά
634 2148 662 2180 λ.
737 2150 766 2180 9.
794 2144 865 2188 πρὸ
889 2144 1018 2179 τούτου
1043 2141 1268 2186 θεωρήματι]
1293 2141 1437 2184 πρώτου

118 2201 183 2230 τοῦ
202 2194 441 2238 θεωρήματος
459 2208 489 2238 ρ.
503 2184 511 2194 ’
564 2198 617 2228 12.
639 2192 785 2250 διπλαῖ]
806 2189 992 2226 διπλάσιαι
1018 2201 1049 2225 v.
1125 2191 1178 2223 13.
1198 2186 1283 2233 γάρ]
1304 2198 1372 2221 om.
1387 2187 1436 2220 12.

165 2241 349 2287 ἀλλήλαις]
375 2242 464 2275 αλλα
490 2239 573 2275 ΡΙλ.
649 2242 787 2283 πλευρα
811 2238 833 2283 ἡ
855 2239 929 2272 ΕΓ
948 2236 1100 2283 πλευρᾷ]
1126 2233 1235 2269 πάλιν
1261 2233 1308 2268 Ιλ.
1382 2237 1436 2268 22.

120 2288 217 2334 ἴσην]
244 2287 326 2333 ἴσην
352 2285 447 2323 εἶναι
455 2292 471 2322 ⁴?
