1520 2508
91 828 134 858 10

93 1220 135 1250 15

89 1564 134 1595 20

89 1911 132 1941 25

162 104 216 146 76
686 105 952 139 AEAOMENA.

159 205 210 254 τῇ
245 200 348 252 ΘΚ,
386 199 503 239 ἔστιν
533 198 618 252 ἄρα
648 198 707 246 ὡς
736 197 762 250 ἡ
793 200 879 239 ΑΒ
908 198 1018 253 πρὸς
1046 199 1126 252 τὴν
1156 200 1250 252 ΒΓ,
1286 198 1422 249 οὕτως
1449 199 1475 255 ᾗ

159 270 253 309 ΗΘ
282 268 391 323 πρὸς
421 268 500 320 τὴν
534 269 629 308 ΘΚ.
689 266 821 308 πάλιν
852 266 945 308 ἐπεί
972 267 1089 309 ἐστιν
1120 267 1177 316 ὡς
1207 266 1233 320 ἡ
1265 269 1352 309 ΒΓ
1373 269 1478 324 πρὸς

160 338 239 390 τὴν
271 339 368 390 ΓΑ,
411 336 548 385 οὕτως
585 336 611 389 ἡ
649 339 689 377 Ε
722 337 831 390 πρὸς
866 337 946 390 τὴν
979 339 1033 389 Ζ,
1077 339 1147 389 ἱση
1185 333 1231 377 δὲ
1267 335 1293 389 ἡ
1329 334 1407 390 μὲν
1440 340 1481 381 Ε

162 413 213 461 τῇ
248 408 354 459 ΘΚ,
395 405 421 459 ἡ
454 403 501 446 δὲ
533 408 569 446 Ζ
599 412 650 460 τῇ
681 407 794 459 ΗΚ,
837 407 954 447 ἔστιν
984 406 1067 460 ἄρα
1103 405 1161 454 ὡς
1196 404 1222 457 ἡ
1254 407 1341 446 ΒΓ
1373 407 1479 462 πρὸς

160 476 239 529 τὴν
273 477 363 528 ΓΑ,
394 475 531 523 οὕτως
561 474 587 527 ἡ
622 477 710 515 ΘΚ
735 475 843 530 πρὸς
872 475 952 528 τὴν
976 476 1080 515 ΚΗ.
1130 473 1302 527 ἐδείχθη
1334 473 1381 516 δὲ
1409 473 1478 518 καὶ

160 544 218 593 ὡς
248 543 274 597 ἡ
300 546 386 585 ΑΒ
417 544 524 599 πρὸς
554 544 633 597 τὴν
658 545 752 597 ΒΓ,
784 543 921 591 οὕτως
951 543 977 596 ἡ
1011 545 1105 583 ΘΗ
1129 543 1237 597 πρὸς
1265 543 1343 597 τὴν
1376 546 1477 586 ΘΚ·

160 611 218 654 δι’
249 617 346 654 ἴσου
378 614 461 668 ἄρα
492 611 610 654 ἐστὶν
642 612 700 661 ὡς
729 611 755 665 ἡ
786 615 873 653 AB
904 612 1012 667 πρὸς
1042 612 1121 665 τὴν
1151 614 1248 665 ΑΓ,
1289 612 1424 662 οὕτως
1451 612 1477 667 ἡ

163 684 257 723 ΘΗ
285 683 394 738 πρὸς
431 683 510 736 τὴν
540 684 645 722 ΗΚ.
707 681 858 735 ὅμοιον
895 682 978 736 ἄρα
1016 679 1106 722 έστὶ
1143 681 1191 722 τὸ
1223 683 1359 722 ΑΒΓ
1391 684 1478 737 τρί-

160 766 303 804 γωνον
333 757 392 807 τῷ
424 753 568 792 ΗΘΚ
595 751 804 807 τριγώνῳ.
863 750 1036 792 δέδοται
1068 747 1116 791 δὲ
1145 750 1193 791 τὸ
1224 752 1367 791 ΗΘΚ
1392 753 1478 806 τρί-

159 836 304 873 γωνον
340 826 399 877 τῷ
436 821 558 861 εἴδει·
603 819 774 861 δέδοται
806 821 888 876 ἄρα
919 818 991 861 καὶ
1021 820 1069 860 τὸ
1100 821 1242 860 ΑΒΓ
1269 821 1479 874 τρίγωνον

159 896 217 931 τῶ
249 890 365 930 εἴδει.

780 1008 838 1046 μγ
859 1024 868 1033 ·

246 1072 344 1114 Ἐὰν
380 1073 598 1127 τριγώνου
636 1073 912 1127 ὀρθογωνίου
948 1071 1047 1127 περὶ
1083 1075 1187 1126 μίαν
1217 1079 1304 1113 τῶν
1334 1071 1478 1122 ὀξειῶν

160 1150 333 1196 γωνιῶν
370 1143 418 1184 αἱ
450 1141 634 1196 πλευραὶ
672 1143 780 1196 πρὸς
816 1141 1002 1195 ἀλλήλας
1038 1144 1169 1195 λόγον
1205 1143 1331 1195 ἔχωσι
1362 1141 1478 1182 δεδο-

161 1210 307 1266 μένον,
338 1210 509 1253 δέδοται
540 1211 587 1252 τὸ
619 1212 834 1265 τρίγωνον
864 1217 922 1267 τῷ
957 1211 1072 1252 εἴδει.

247 1281 463 1336 τριγώνου
494 1281 576 1335 γὰρ
610 1280 887 1335 ὀρθογωνίου
917 1285 995 1321 τοῦ
1027 1282 1165 1321 ΑΒΓ
1193 1279 1336 1334 ὀρθὴν
1365 1280 1478 1332 ἕχον-

158 1365 232 1399 τος
262 1350 341 1403 τὴν
370 1349 455 1390 ὑπὸ
486 1357 574 1391 τῶν
598 1351 730 1390 ΒΑΓ
752 1351 930 1402 γωνίαν,
959 1347 1058 1402 περὶ
1088 1350 1192 1402 μίαν
1221 1356 1308 1389 τῶν
1333 1346 1478 1397 ὀξειῶν

159 1419 293 1460 αὐτοῦ
325 1426 498 1471 γωνιῶν
526 1419 606 1472 τὴν
635 1418 720 1459 ὑπὸ
752 1420 888 1459 ΑΒΓ
915 1418 962 1459 αἱ
989 1416 1171 1472 πλευραὶ
1203 1418 1250 1458 αἱ
1279 1419 1370 1471 ΓΒ,
1395 1419 1478 1459 ΒΑ

158 1489 266 1541 πρὸς
311 1486 498 1540 ἀλλήλας
534 1489 665 1540 λόγον
703 1485 914 1540 ἐχέτωσαν
951 1486 1202 1541 δεδομένον·
1246 1485 1374 1539 λέγω,
1415 1486 1478 1528 ὅτι

159 1556 331 1598 δέδοται
362 1557 410 1598 τὸ
442 1558 580 1597 ΑΒΓ
602 1558 819 1611 τρίγωνον
848 1562 907 1612 τῷ
940 1556 1056 1596 εἴδει.

247 1625 454 1667 ἐκκείσθω
492 1626 574 1680 γὰρ
611 1632 663 1680 τῇ
699 1624 822 1666 θέσει
859 1624 931 1666 καὶ
968 1631 1026 1681 τῷ
1063 1624 1236 1678 μεγέθει
1273 1622 1477 1678 δεδομένη

159 1695 310 1736 εὐθεῖα
341 1694 367 1748 ἡ
398 1698 505 1748 ΔΕ,
536 1693 608 1735 καὶ
637 1694 877 1750 γεγράφθω
909 1693 982 1735 ἐπὶ.
1007 1700 1082 1748 τῆς
1111 1697 1201 1735 ΔΕ
1228 1693 1479 1748 ἡμικύκλιον

158 1765 206 1805 τὸ
236 1766 396 1805 ΔΗΕ·
439 1763 561 1805 θέσει
592 1765 675 1819 ἄρα
707 1762 796 1805 ἐστὶ
833 1765 880 1805 τὸ
911 1766 1053 1804 ΔΗΕ
1084 1763 1350 1817 ἡμικύκλιον.
1409 1759 1477 1804 καὶ

160 1832 249 1875 ἐπεὶ
279 1835 407 1886 λόγος
437 1832 526 1875 ἐστὶ
557 1839 631 1887 τῆς
658 1835 735 1874 ΓΒ
765 1833 874 1888 πρὸς
897 1834 976 1886 τὴν
1002 1835 1083 1874 ΒΑ
1113 1833 1275 1886 δοθείς,
1306 1832 1328 1874 ὁ
1354 1831 1478 1882 αὐτὸς

159 1903 275 1959 αὐτῷ
307 1900 517 1955 γεγονέτω
549 1902 572 1944 ὁ
603 1908 678 1956 τῆς
701 1905 792 1943 ΔΕ
818 1902 926 1956 πρὸς
956 1902 1035 1955 τὴν
1062 1905 1114 1942 Ζ·
1146 1903 1273 1954 λόγος
1303 1902 1385 1955 ἄρα
1409 1897 1477 1943 καὶ

253 2055 283 2085 2.
313 2051 404 2096 ΗΘ]
431 2052 504 2085 ΔΘ
528 2050 563 2084 b.
648 2049 729 2095 τήν]
756 2060 824 2083 om.
851 2049 885 2083 b.
966 2048 1076 2094 ἐστιν]
1103 2059 1171 2083 om.
1199 2061 1230 2083 v.
1327 2052 1358 2084 4.
1388 2047 1479 2095 ΘΚ]

160 2100 194 2131 K
216 2097 311 2141 Vat„
339 2097 422 2131 add.
446 2098 478 2132 Θ
502 2108 548 2130 m.
570 2099 600 2130 2.
698 2100 728 2130 ὅ.
757 2096 850 2140 ΘΚ]
877 2097 951 2130 ΚΘ
975 2095 1009 2130 b.
1109 2099 1137 2129 7.
1165 2098 1230 2129 AB
1272 2098 1328 2129 BA
1354 2094 1493 2130 Vat.v.‘

204 2144 295 2188 ΑΓ]
323 2146 395 2177 ΒΓ
413 2143 447 2177 b.
539 2146 569 2177 8.
599 2143 695 2187 HK]
721 2143 795 2177 ΚΘ
819 2141 853 2176 b.
952 2145 1004 2176 12.
1032 2141 1111 2186 μγ’]
1137 2141 1199 2185 μδ’
1254 2170 1260 2176 .
1353 2144 1405 2176 15.
1430 2142 1478 2187 τῷ

159 2188 265 2234 εἴδει]
296 2195 339 2234 τῇ
370 2187 473 2223 θέσει
504 2189 537 2223 b.
659 2192 712 2222 16.
739 2188 915 2232 τριγώνου
940 2208 985 2213 —
1009 2199 1042 2232 p.
1070 2191 1125 2231 80,
1154 2191 1182 2221 7.
1216 2187 1274 2221 ἐπὶ
1299 2187 1365 2231 τὴν
1389 2185 1492 2232 ΑΓ]“5

158 2246 282 2270 eorum
296 2235 375 2269 loco
390 2235 427 2269 in
441 2235 464 2269 b
473 2246 495 2269 a
509 2234 568 2268 hie
582 2236 731 2278 propter
743 2233 1088 2268 transmutationem
1107 2233 1278 2267 foliorum
1292 2235 1338 2277 (u.
1352 2231 1479 2277 praef.)
1495 2259 1497 2261 .

158 2281 403 2326 reperiuntur,
436 2292 530 2325 quae
556 2280 728 2325 leguntur
758 2292 791 2324 p.
819 2284 879 2324 56,
908 2283 959 2314 14.
992 2278 1192 2324 γεγράφθω
1217 2300 1262 2306 -—
1288 2283 1341 2314 20.
1369 2279 1494 2323 gottw„
