1520 2508
756 597 912 658 '‘0901.

261 710 317 752 α’.
354 710 621 766 Δεδομένα
653 718 716 768 τῷ
748 711 955 767 μεγέθει
986 712 1151 767 λέγεται
1181 718 1317 771 χωρία
1348 732 1391 758 τε
1421 716 1520 773 mxl}

171 779 363 835 γραμμαὶ
393 779 465 822 καὶ
495 783 663 835 γωνιάι,
696 776 760 831 οἷς
791 782 1017 836 δυναμεθα
1050 787 1120 825 ἴσα
1149 787 1428 840 πορίσασθαι.
1518 782 1520 785 ’

258 849 315 903 β’.
359 852 502 903 Λόγος
543 851 795 893 δεδόσθαι
839 850 1022 908 λέγεται,
1070 849 1104 910 ᾠ
1147 855 1374 925 δυνάμεθα
1415 857 1494 898 τὸν

121 927 143 958 5
168 919 302 961 αὐτὸν
331 920 608 974 πορίσασθαι.

257 988 312 1042 γ’.
361 989 667 1045 Εὐθύγραμμα
715 992 906 1045 σχήματα
954 997 1017 1048 τῷ
1067 994 1193 1035 εἰδει
1242 995 1492 1038 δεδόσθαι
1518 1024 1520 1027 -

168 1057 349 1112 λέγεται,
381 1055 443 1100 ὧν
474 1059 522 1100 αἴ
548 1074 593 1100 τε
623 1061 778 1112 γωνίαι
803 1059 1031 1115 δεδομέναι
1055 1061 1138 1104 εἰσὶ
1161 1065 1268 1105 κατὰ
1291 1067 1395 1118 μίαν
1418 1064 1490 1107 καὶ

168 1129 215 1169 οἱ
242 1129 365 1181 λόγοι
395 1135 482 1170 τῶν
511 1132 713 1183 πλευρῶν
741 1130 850 1185 πρὸς
880 1129 1066 1184 ἀλλήλας
1097 1132 1333 1188 δεδομένοι.

255 1196 311 1239 δ’.
362 1200 426 1253 Τῇ
463 1197 607 1240 θέσει
645 1199 896 1241 δεδόσθαι
933 1199 1131 1254 λέγονται
1161 1203 1313 1257 σημεῖά
1343 1219 1388 1261 τε
1417 1203 1491 1246 καὶ
1518 1251 1520 1254 ,

96 1275 142 1305 10
167 1266 358 1322 γραμμαὶ
388 1267 459 1309 καὶ
491 1270 664 1322 γωνίαι,
695 1268 721 1310 ἃ
752 1270 828 1310 τὸν
859 1269 992 1311 αὐτὸν
1023 1269 1088 1312 ἀεὶ
1117 1273 1250 1313 τόπον
1281 1272 1430 1328 ἐπέχει.
1517 1274 1520 1321 ζ

239 1336 302 1380 .ε’.
351 1338 524 1387 Κύκλος
565 1344 629 1394 τῷ
671 1337 879 1392 μεγέθει
922 1340 1171 1382 δεδόσθαι
1207 1340 1391 1397 λέγεται,
1435 1336 1520 1391 0ὗῇ

166 1405 339 1448 δέδοται
371 1407 396 1461 ἡ
428 1406 474 1449 ἐκ
504 1413 582 1449 τοῦ
612 1406 793 1463 κέντρου
823 1414 882 1465 τῷ
913 1409 1098 1463 μεγέθει.

253 1475 307 1521 ς’.
357 1480 422 1532 Τῇ
453 1477 597 1519 θέσει
633 1475 681 1519 δὲ
717 1476 799 1520 καὶ
830 1484 893 1535 τῷ
924 1479 1130 1533 μεγέθει
1160 1482 1317 1531 κύκλος
1346 1482 1489 1525 δεδό-

163 1550 287 1587 σθαι
325 1546 509 1602 λέγεται,
553 1544 605 1589 οὗ
643 1546 814 1589 δέδοται
850 1549 898 1590 τὸ
935 1547 1013 1603 μὲν
1047 1548 1227 1605 κέντρον
1262 1557 1313 1606 τῇ
1350 1551 1487 1606 θέσει,
1517 1551 1520 1594 ἔ

93 1622 138 1653 15
164 1614 191 1668 ἡ
222 1612 271 1656 δὲ
302 1614 347 1656 ἐκ
377 1622 455 1657 τοῦ
485 1615 667 1671 κέντρου
697 1623 756 1674 τῷ
786 1616 971 1672 μεγέθει.

252 1683 300 1734 ζ’.
352 1685 558 1739 Τμήματα
588 1686 760 1727 κύκλων
795 1692 860 1743 τῷ
897 1686 1104 1741 μεγέθει
1141 1689 1388 1732 δεδόσθαι
1419 1690 1486 1733 λέ-
1517 1680 1520 1689 ³

162 1768 300 1808 γεται,
337 1753 384 1795 ἐν
421 1748 486 1803 οἷς
522 1755 570 1795 αἱ
602 1756 756 1808 γωνίαι
787 1755 1013 1810 δεδομέναι
1044 1756 1126 1798 εἰσὶ
1163 1757 1234 1799 καὶ
1264 1760 1313 1800 αἱ
1338 1761 1489 1813 βάσεις
1516 1769 1520 1801 2

161 1830 250 1865 τῶν
280 1823 511 1878 τμημάτων
541 1830 599 1881 τῷ
630 1823 815 1879 μεγέθει.
1513 1818 1520 1888 'ss

247 1891 302 1946 η’.
354 1895 419 1948 Τῇ
456 1892 600 1935 θέσει
638 1892 684 1936 δὲ
721 1893 803 1936 καὶ
840 1901 903 1952 τῷ
939 1895 1147 1950 μεγέθει
1183 1899 1377 1952 τμήματα
1408 1894 1520 1957 δε-’ξ

88 1968 135 2000 20
161 1961 187 2002 δ
195 1963 351 2004 όσθαι
368 1962 555 2018 “λέγεται,
587 1963 633 2005 ἐν
658 1958 722 2013 οἷς
747 1964 795 2005 αἵ
817 1979 860 2006 τε
885 1967 1038 2018 γωνίαι
1063 1965 1290 2021 δεδομέναι
1314 1967 1396 2010 εἰσὶ
1422 1974 1481 2025 τῷ
1516 1987 1520 2019 5

256 2078 555 2113 EYKAEIAOT
575 2080 859 2113 ΔΕΔΟΜΕΝΑ
882 2078 912 2113 Ρ
937 2081 975 2114 et
999 2081 1065 2115 atr.
1085 2079 1194 2115 rubro
1214 2076 1520 2125 Va‘o.;s1’mzsl-{

161 2122 230 2156 δου
256 2121 439 2167 δεδομένα
463 2135 487 2158 v
513 2126 550 2159 et
575 2135 648 2159 aee.
676 2135 744 2160 om.
771 2126 810 2171 βς
837 2125 1022 2161 εὐκλειδου
1047 2125 1229 2171 δεδομένα
1252 2133 1316 2172 τῆς
1338 2127 1513 2169 θέωνος

160 2167 338 2209 ἐκδόσεως
346 2136 405 2205 μὴ
533 2175 562 2206 1.
597 2169 691 2217 ὅροι]
723 2173 790 2207 atr.
821 2172 930 2207 rubro
960 2183 1007 2208 m.
1038 2183 1107 2208 rec.
1141 2173 1241 2218 Vah,
1280 2184 1349 2209 om.
1380 2174 1479 2220 Ρνβ.

157 2225 328 2250 numeros
355 2226 424 2251 om.
452 2216 557 2252 codd.
675 2221 707 2253 4.
736 2217 841 2263 λόγος
865 2216 907 2253 δέ
931 2219 963 2264 β.
1084 2223 1114 2255 7,
1141 2202 1241 2255 εἰσίν
1255 2220 1343 2265 Ρν,”
1363 2231 1478 2265 comp.

155 2261 240 2296 Vat.
344 2265 376 2298 8.
402 2263 572 2309 ἀλλήλας]
599 2231 805 2309 Gregorius,
831 2278 912 2306 -ους
936 2265 1039 2300 codd.
1136 2249 1331 2311 δεδομένοι
1354 2266 1421 2302 εἰσί
1444 2268 1480 2313 β
