1520 2508
104 470 124 500 5

78 814 122 845 10

76 1158 118 1189 15

73 1561 118 1592 20

155 59 239 101 162
681 60 946 95 ΔΕΔΟΜΕΝΑ.

767 175 856 231 πβ’.

237 255 337 298 Ἐὰν
367 255 568 312 τέσσαρες
598 256 767 298 εὐθεῖαι
797 256 1013 310 ἀνάλογον
1043 254 1164 310 ὦσιν,
1196 259 1325 311 ἔσται,
1357 257 1415 306 ὡς
1444 257 1471 310 ἡ

150 327 299 381 πρώτη
324 326 432 380 πρὸς
455 325 511 378 ἣν
535 325 561 378 ἡ
588 324 766 381 δευτέρα
791 327 922 379 λόγον
947 327 1031 380 ἔχει
1057 325 1302 379 δεδομένον,
1334 326 1472 375 οὕτως

150 394 176 448 ἡ
208 396 330 450 τρίτη
360 394 470 448 πρὸς
498 394 554 447 ἣν
584 394 610 447 ἡ
641 395 818 449 τετάρτη
850 396 982 447 λόγον
1012 396 1096 448 ἔχει
1128 394 1374 448 δεδομένον.

238 465 430 505 ἔστωσαν
459 462 660 519 τέσσαρες
690 464 858 505 εὐθεῖαι
889 463 1105 516 ἀνάλογον
1130 464 1178 504 αἱ
1199 467 1254 517 Α,
1274 466 1324 516 Β,
1345 465 1392 516 Γ,
1412 467 1469 516 Δ,

148 533 206 581 ὡς
236 532 262 586 ἡ
294 535 336 573 A
365 532 474 587 πρὸς
503 533 583 586 τὴν
613 535 670 586 Β,
701 533 838 581 οὕτως
867 531 893 585 ἡ
926 534 968 573 Γ
996 533 1102 587 πρὸς
1133 533 1212 586 τὴν
1241 535 1301 573 A·
1344 531 1469 584 λέγω,

148 601 214 642 ὅτι
245 600 375 654 ἐστίν,
407 601 465 649 ὡς
488 601 514 654 ἡ
541 604 582 641 A
612 601 720 656 πρὸς
749 600 805 653 ἣν
834 600 859 653 ἡ
886 603 923 641 Β
955 602 1086 653 λόγον
1111 602 1194 654 ἔχει
1221 599 1468 654 δεδομένον,
1512 609 1520 638 ,Ξ

148 670 286 718 οὕτως
315 669 340 722 ἡ
374 671 416 710 Γ
437 670 546 724 πρὸς
575 669 631 722 ἣν
661 669 686 722 ἡ
717 673 760 711 A
791 671 922 722 λόγον
953 671 1037 722 ἔχει
1069 668 1314 722 δεδομένον.

234 741 340 780 ἔστω
372 739 454 794 γὰρ
484 739 593 793 πρὸς
621 738 677 791 ἣν
707 737 733 791 ἡ
759 741 796 779 Β
827 739 959 790 λόγον
990 740 1073 791 ἔχει
1106 737 1339 791 δεδομένον
1363 737 1389 790 ἡ
1415 741 1467 791 Ε,
1517 742 1520 759 ³

145 806 218 849 καὶ
249 809 516 862 πεποιήσθω,
547 807 605 856 ὡς
635 806 660 860 ἡ
687 810 724 848 Β
753 808 862 862 πρὸς
891 808 969 860 τὴν
994 810 1046 860 Ε,
1077 806 1214 855 οὕτως
1237 806 1263 860 ἡ
1289 810 1331 848 A
1360 807 1469 862 πρὸς

145 878 226 931 τὴν
266 879 313 917 Ζ.
372 878 500 929 λόγος
536 874 584 917 δὲ
620 882 695 929 τῆς
730 879 767 916 Β
804 877 912 931 πρὸς
947 877 1026 929 τὴν
1057 879 1098 917 Ε
1132 877 1296 924 δοθείς·
1341 877 1467 928 λόγος

145 946 229 1001 ἄρα
265 944 337 986 καὶ
373 950 448 999 τῆς
485 949 527 985 A
569 945 678 999 πρὸς
713 945 792 998 τὴν
831 947 865 985 Ζ
908 943 998 985 ἐστι
1038 945 1197 994 δοθείς.
1268 943 1341 986 καὶ
1378 944 1471 994 ε’πεί

147 1013 283 1067 ἐστιν,
315 1014 373 1063 ὡς
406 1013 432 1066 ἡ
464 1018 506 1054 Α
535 1014 643 1069 πρὸς
673 1014 752 1067 τὴν
783 1016 838 1066 Β,
875 1013 1012 1062 οὕτως·
1041 1012 1067 1066 ἡ
1101 1015 1143 1054 Γ
1163 1013 1271 1068 πρὸς
1300 1014 1379 1066 τὴν
1410 1017 1467 1066 Δ,

145 1084 234 1124 ἔστι
265 1080 312 1124 δὲ
342 1084 436 1137 καί,
471 1082 529 1131 ὡς
559 1082 584 1136 ἡ
617 1085 654 1123 Β
684 1083 792 1138 πρὸς
821 1083 900 1136 τὴν
931 1085 988 1135 Ε,
1032 1082 1169 1130 οὕτως
1209 1081 1235 1135 ἡ
1273 1086 1316 1123 A
1357 1083 1466 1137 πρὸς

143 1153 223 1206 τὴν
250 1155 298 1205 Ζ,
330 1150 388 1192 δι’
418 1155 515 1192 ἴσου
540 1152 624 1207 ἄρα
649 1150 779 1204 ἐστίν,
810 1151 868 1199 ὡς
894 1150 920 1204 ἡ
947 1155 988 1192 A
1017 1151 1125 1206 πρὸς
1148 1151 1228 1204 τὴν
1252 1154 1303 1204 Ε,
1329 1151 1467 1200 οὕτως

143 1220 170 1274 ἡ
204 1223 246 1262 Γ
274 1221 382 1276 πρὸς
417 1221 497 1274 τὴν
530 1223 577 1261 Ζ.
637 1222 713 1263 καί
741 1219 857 1261 ἐστιν
894 1219 920 1272 ἡ
957 1217 1036 1273 μὲν
1067 1223 1107 1260 Ε
1139 1220 1247 1275 πρὸς
1283 1218 1338 1273 ἣν
1368 1220 1394 1273 ἡ
1427 1223 1464 1262 Β

143 1290 276 1342 λόγον
312 1291 397 1343 ἔχει
433 1287 686 1344 δεδομένον,
729 1288 755 1342 ἡ
792 1286 839 1330 δὲ
878 1291 913 1330 Ζ
949 1290 1057 1343 πρὸς
1093 1288 1149 1342 ἣν
1184 1288 1210 1342 ἡ
1242 1293 1302 1330 A·
1346 1291 1464 1330 ἔστιν

143 1359 228 1413 ἄρα
254 1358 311 1407 ὡς
336 1358 362 1411 ἡ
382 1362 424 1399 A
453 1359 561 1414 πρὸς
585 1358 640 1417 ἢν
665 1357 691 1411 ἡ
711 1360 748 1399 Β
779 1359 911 1411 λόγον
937 1359 1020 1412 ἔχει
1047 1356 1294 1411 δεδομένον,
1326 1358 1466 1406 οὕτως

143 1426 170 1480 ἡ
204 1429 246 1468 Γ
268 1428 376 1482 πρὸς
405 1427 460 1480 ἣν
490 1426 516 1479 ἡ
549 1430 592 1468 A
623 1428 755 1479 λόγον
785 1428 869 1480 ἔχει
900 1425 1146 1481 δεδομένον.
1493 1424 1499 1428 ”

759 1552 847 1606 σῖγ’.

228 1633 328 1675 Ἐὰν
363 1633 565 1690 τέσσαρες
595 1634 763 1675 εὐθεῖαι
794 1634 932 1682 οὕτως
962 1635 1089 1687 ἔχωσι
1125 1634 1232 1689 πρὸς
1262 1633 1461 1687 ἀλλήλας,

142 1703 251 1744 ὥστε
287 1710 421 1758 τριῶν
458 1706 709 1757 ληφθεισῶν
749 1701 790 1752 ἐξ
827 1702 972 1743 αὐτῶν
1007 1702 1254 1748 ὁποιωνοῦν
1288 1701 1359 1743 καὶ
1396 1717 1461 1743 τε-

140 1771 297 1827 τάρτης
339 1771 490 1822 αὐταῖς
532 1773 885 1827 προσληφθείσης
922 1770 1156 1825 ἀνάλογον,
1199 1772 1307 1827 πρὸς
1341 1771 1397 1825 ἣν
1433 1771 1459 1824 ἡ

235 1900 267 1930 2.
299 1896 362 1942 ὡς]
388 1907 456 1931 0111.
483 1895 507 1930 b
535 1898 621 1939 (non
646 1897 690 1942 β).
810 1900 841 1931 3
873 1896 1011 1941 πρώτη]
1038 1906 1126 1930 corr.
1153 1906 1197 1929 ex
1226 1901 1290 1930 τοῦ
1315 1896 1459 1939 πρώτου

139 1954 187 1977 111.
216 1946 235 1976 2
261 1954 293 1976 v.
406 1942 497 1985 πρὸς
521 1942 587 1986 τὴν
613 1940 787 2001 δευτέραν
812 1942 846 1976 b.
960 1945 991 1975 4.
1020 1942 1111 1985 πρὸς
1135 1941 1201 1986 τὴν
1225 1940 1351 1985 τετάρτ
1311 1955 1398 1986 ρτην
1422 1942 1457 1976 b.

188 1992 219 2023 5.
248 1988 334 2022 ἔστω
359 2000 392 2022 v.
501 1987 686 2033 ἀνάλογον
712 1986 817 2023 οὖσαι
841 1988 876 2023 b.
933 2023 935 2025 ,
985 1992 1015 2022 7.
1043 1986 1154 2033 ἐστίν]
1180 1986 1243 2022 καί
1268 1999 1300 2021 v.
1395 1987 1457 2034 ην]

138 2059 161 2090 η
187 2045 221 2080 b.
319 2049 349 2080 8.
376 2043 423 2089 ἣν
447 2045 469 2089 ἡ
495 2045 543 2090 Δ]
568 2045 635 2090 τὴν
660 2047 708 2090 ηδ
731 2045 766 2080 b.
857 2049 887 2080 9.
913 2045 935 2089 ἡ
963 2048 990 2079 Β
1015 2044 1144 2089 πρὸς’“
1129 2045 1175 2090 ήν
1199 2045 1233 2080 b
1309 2044 1457 2091 ἡ(8.1ὺ)]

137 2091 241 2172 ξιξ,
267 2149 300 2173 v
329 2095 382 2127 ²2
409 2091 497 2172 {⁶3⁶³
496 2102 591 2194 12¹?
594 2091 714 2173 AV&
743 2091 839 2172 ἐστι
863 2103 906 2163 Ξ
933 2090 1170 2183 125‘0‘2521332
1189 2101 1317 2172 {2²05
1325 2135 1345 2170 ἔ
1365 2094 1456 2171 ..22

137 2183 229 2227 πρὸς
253 2183 320 2228 τὴν
347 2186 390 2217 Β
422 2183 444 2227 ἡ
471 2181 511 2217 δὲ
540 2186 614 2217 ΖΗ
635 2183 743 2229 λόγον
770 2183 898 2229 ἔχουσα
924 2183 1014 2227 πρὸς
1038 2183 1104 2228 τὴν
1130 2187 1162 2218 Δ
1187 2183 1221 2219 b.
1232 2150 1252 2182 y
1330 2150 1429 2217 1x7.“
1409 2181 1456 2225 ἢν

137 2229 177 2274 ἡ]
203 2229 270 2272 τήν
296 2229 336 2274 b,
371 2229 460 2263 item
484 2228 547 2264 lin.
577 2232 629 2263 18.
750 2233 804 2265 21.
837 2229 963 2275 ἔχωσιν
988 2229 1084 2274 Vah,
1117 2228 1236 2275 ἔχουσι
1260 2229 1292 2274 β.
1399 2232 1455 2263 22.
