1520 2508
180 82 240 123 44
707 85 972 119 AEAOMENA.

184 179 271 218 AB
307 179 416 232 πρὸς
452 176 652 232 ἑκάτερον
688 184 775 219 τῶν
803 180 903 232 ΔΓ,
929 180 1035 233 ΓΗ,
1074 178 1146 221 καὶ
1181 185 1258 221 τοῦ
1293 183 1384 232 ΔΓ
1412 178 1520 238 ἄὸαἲ

182 248 292 301 πρὸς
315 248 364 288 τὸ
390 248 484 288 ΓΗ
509 249 636 300 λόγος
666 245 755 289 ἐστὶ
785 248 950 297 δοθείς·
982 247 1296 303 ἀναστρέψαντι
1324 249 1395 292 καὶ
1417 255 1520 297 τοῦ
1516 273 1520 294 ι

184 318 264 357 ΓΔ
305 316 413 370 πρὸς
454 319 555 357 AH
597 318 724 370 λόγος
765 315 853 358 ἐστὶ
895 317 1054 367 δοθείς.
1132 317 1240 360 ἀλλὰ
1286 325 1362 361 τοῦ
1402 312 1520 369 HA

182 386 291 439 πρὸς
320 388 406 426 AZ
443 387 570 438 λόγος
606 385 695 427 ἐστὶ
731 386 895 436 δοθείς’
942 386 1015 428 καὶ
1050 393 1128 428 τοῦ
1159 389 1239 429 ΓΔ
1273 389 1356 443 ἄρα
1389 386 1492 447 πρὸξ

137 466 158 496 5
182 458 226 496 A
235 457 270 495 Z
301 456 428 508 λόγος
458 453 547 496 ἐστὶ
578 455 740 504 δοθείς
773 455 880 496 ὥστε
903 454 975 496 καὶ
999 461 1076 496 τοῦ
1103 457 1184 496 ΓΖ
1213 457 1320 511 πρὸς
1343 458 1390 499 τὸ
1417 460 1492 518 Ζᾼ

184 526 312 576 λόγος
342 522 432 566 ἐστὶ
462 524 621 572 δοθείς.
670 523 777 565 ἀλλὰ
807 530 884 566 τοῦ
912 540 990 578 μεν
1017 526 1106 565 ΓΖ
1125 525 1233 579 πρὸς
1257 528 1347 577 AE
1373 527 1494 581 λόγος

184 592 274 635 ἐστὶ
306 593 473 647 δοθείς,
509 589 587 635 τοῦ
619 590 666 634 δε
698 596 776 634 ZA
804 594 913 648 πρὸς
942 596 1027 635 ΒΕ
1055 596 1182 647 λόγος
1213 593 1302 636 ἐστὶ
1332 589 1492 650 δοθείςὲ

184 664 292 705 ὥστε
321 663 497 705 πάντων
525 664 633 717 πρὸς
663 663 801 704 πάντα
831 665 958 716 λόγος
989 662 1078 705 ἐστὶ
1108 664 1266 713 δοθείς.
1470 679 1497 714 ,ᾗ

115 881 160 912 10
268 870 368 913 Ἐὰν
391 878 505 925 τρεῖς
529 856 708 912 εὐθεῖαί
722 870 937 924 ἀνάλογον
962 868 1082 925 ὦσιν,
1107 871 1132 925 ἡ
1159 870 1206 913 δὲ
1230 873 1375 926 πρώτη
1394 873 1496 929 πρᾲς

183 942 264 994 τὴν
299 942 449 995 τρίτην
485 942 616 993 λόγον
652 942 724 995 ἔχῃ
762 940 1015 995 δεδομένον,
1057 939 1128 982 καὶ
1157 942 1266 996 πρὸς
1294 943 1373 996 τὴν
1403 943 1495 985 δευ-

183 1009 314 1065 τέραν
344 1011 476 1062 λόγον
506 1008 587 1059 ἕξει
618 1009 864 1064 δεδομένον.

273 1080 465 1121 ἔστωσαν
501 1086 614 1133 τρεῖς
650 1078 817 1132 εὐθεῖαι
853 1079 1070 1133 ἀνάλογον
1104 1080 1152 1121 αἱ
1184 1083 1245 1134 A,
1270 1083 1327 1134 Β,
1353 1082 1408 1134 Γ,
1443 1081 1497 1143 ὡς

185 1147 227 1203 ἡ
242 1152 284 1190 A
319 1150 427 1203 πρὸς
461 1149 540 1202 τὴν
571 1151 627 1202 Β,
671 1148 808 1198 οὕτως
844 1149 870 1203 ἡ
903 1151 940 1190 Β
971 1150 1078 1203 πρὸς
1113 1150 1192 1203 τὴν
1229 1151 1276 1204 Γ,
1319 1149 1345 1203 ἡ
1383 1147 1430 1191 δὲ
1458 1147 1517 1194 A¹

116 1229 160 1260 15
184 1219 293 1273 πρὸς
328 1219 408 1272 τὴν
446 1220 488 1259 Γ
522 1219 654 1270 λόγον
696 1217 823 1272 ἐχέτω
862 1218 1112 1272 δεδομένον·
1162 1218 1289 1272 λέγω,
1333 1219 1397 1261 ὅτι
1431 1215 1506 1263 καῖ

183 1289 292 1342 πρὸς
321 1288 401 1341 τὴν
431 1290 468 1328 Β
500 1289 631 1340 λόγον
661 1286 743 1337 εξει
773 1287 1018 1342 δεδομεᾞνον

273 1356 481 1398 ἐκκείσθω
518 1358 600 1428 γὰρ
637 1358 817 1399 δοθεῖσα
854 1357 879 1411 ἡ
909 1361 963 1398 A.
1024 1356 1096 1398 καὶ
1133 1356 1222 1399 ἐπεὶ
1256 1360 1383 1411 λόγος
1414 1355 1505 1400 ἐστὶ

185 1432 261 1480 τῆς
291 1430 333 1467 A
362 1427 471 1481 πρὸς
500 1422 595 1480 τὴν
610 1428 652 1467 Γ
676 1427 843 1481 δοθείς,
880 1427 902 1469 ὁ
934 1426 1063 1476 αὐτὸς
1093 1426 1209 1484 αὐτῷ
1240 1419 1447 1480 γεγονέτω
1475 1415 1508 1470 6

185 1502 263 1549 τῆς
286 1499 329 1536 A
359 1496 467 1550 πρὸς
496 1495 576 1549 τὴν
602 1498 655 1536 Ζ·
687 1497 814 1549 λόγος
843 1497 926 1551 ἄρα
956 1495 1027 1538 καὶ
1057 1502 1132 1550 τῆς
1155 1500 1198 1538 Δ
1226 1498 1334 1552 πρὸς
1363 1497 1443 1550 τὴν
1465 1495 1520 1545 zj·

117 1575 163 1606 20
189 1566 354 1615 δοθείς·
381 1565 562 1606 δοθεῖσα
582 1563 673 1618 δὲὴ
692 1569 753 1607 A·
779 1566 959 1607 δοθεῖσα
984 1567 1067 1621 ἄρα
1091 1564 1162 1607 καὶ
1181 1565 1207 1618 ἡ
1229 1568 1275 1606 Ζ.
1307 1566 1520 1619 εἰλήφθω

147 1668 151 1672 .
185 1642 274 1677 τῶν
302 1638 357 1690 Δ,
383 1637 418 1676 Ζ
449 1633 554 1689 μέση
587 1634 801 1688 ἀνάλογον
831 1634 856 1688 ἡ
882 1636 937 1676 Ε·
968 1637 1016 1677 τὸ
1047 1636 1130 1690 ἄρα
1160 1635 1244 1676 ὑπὸ
1275 1642 1362 1676 τῶν
1386 1638 1441 1688 Δ,
1465 1635 1506 1676 Z>

188 1709 285 1746 ἴσον
317 1703 406 1746 ἐστὶ
436 1709 495 1761 τῷ
522 1703 604 1746 ἀπὸ
635 1710 710 1758 τῆς
734 1707 783 1746 Ε.
832 1702 966 1746 δοθὲν
997 1702 1045 1745 δὲ
1074 1705 1122 1746 τὸ
1148 1704 1233 1746 ὑπὸ
1259 1712 1346 1746 τῶν
1369 1707 1423 1757 A,
1449 1706 1500 1745 Ζ·

122 1770 128 1776 ’
186 1775 369 1816 δοθεῖσα
400 1774 482 1829 γὰρ
514 1772 690 1828 ἑκατέρα
720 1774 880 1815 αὐτῶν·
913 1771 1048 1815 δοθὲν
1072 1775 1155 1829 ἄρα
1178 1773 1250 1815 καὶ
1275 1774 1322 1815 τὸ
1348 1773 1429 1815 ἀπὸ
1447 1763 1512 1815 Ε·ἶ

189 1844 371 1885 δοθεῖσα
407 1844 490 1899 ἄρα
527 1842 644 1885 ἐστὶν
679 1843 705 1897 ἡ
743 1846 790 1885 Ε.
851 1844 939 1884 ἔστι
978 1840 1026 1884 δὲ
1061 1842 1133 1884 καὶ
1169 1843 1195 1897 ἡ
1226 1847 1269 1884 A
1305 1844 1501 1884 δοθεῖσα·

117 1922 161 1952 25
189 1915 318 1966 λόγος
353 1914 436 1967 ἄρα
473 1911 563 1955 ἐστὶ
592 1918 667 1966 τῆς
695 1916 739 1954 Δ
773 1913 881 1967 πρὸς
910 1913 989 1966 τὴν
1018 1915 1060 1954 Ε
1093 1913 1252 1962 δοθείς.
1312 1910 1383 1953 καὶ
1415 1901 1520 1954 ἐπείῖ

188 1982 305 2024 ἐστιν
343 1979 401 2032 ὧς
437 1982 463 2036 ἡ
494 1986 536 2023 A
570 1982 678 2038 πρὸς
708 1982 787 2036 τὴν
818 1984 867 2036 Γ,
908 1981 1045 2031 οὕτως
1074 1981 1100 2035 ἡ
1130 1980 1173 2023 A
1208 1982 1315 2037 πρὸς
1344 1982 1423 2035 τὴν
1454 1980 1520 2034 Ζ,”“

187 2050 282 2093 ἀλλ’
311 2052 369 2101 ὡς
398 2050 478 2106 μὲν
507 2051 532 2105 ἡ
563 2056 606 2093 A
639 2052 748 2107 πρὸς
783 2052 861 2105 τὴν
893 2053 941 2105 Γ,
984 2051 1121 2100 οὕτως
1157 2052 1204 2093 τὸ
1241 2050 1322 2099 ἀπὸ
1359 2056 1433 2104 τῆς
1460 2049 1505 2091 Α
1515 2057 1520 2100 'j

284 2181 313 2211 1.
341 2181 398 2211 BA
423 2177 548 2212 Vat.v.
632 2176 722 2211 Posi:
747 2179 822 2211 ΓΗ
844 2176 926 2210 add.
954 2175 1080 2216 δοθείς
1105 2187 1136 2211 a.
1221 2180 1251 2211 2.
1277 2174 1355 2222 καί]
1381 2186 1448 2210 om.
1467 2175 1520 2210 ap]

233 2228 268 2258 ,4.
294 2224 380 2269 ΔΖ]
405 2223 445 2258 τὸ
474 2226 534 2258 ΖΔ
560 2234 591 2258 a.
700 2227 731 2257 5.
757 2225 827 2258 ΔΖ
871 2224 931 2258 ΖΛ
956 2234 988 2257 a.
1089 2222 1145 2268 τό]
1171 2233 1240 2257 om.
1266 2233 1298 2257 a.
1406 2224 1436 2256 6.
1460 2219 1520 2258 τὸυ

190 2272 261 2305 ΑΕ
280 2270 407 2304 Vat.v.
477 2273 505 2303 7.
526 2270 565 2304 τὸ
587 2269 757 2304 BE-Vat.
854 2271 911 2303 ost
930 2267 1156 2312 Sofisigffllt.)
1175 2268 1258 2303 add.
1279 2269 1341 2303 καὶ
1359 2272 1422 2303 τοῦ
1434 2267 1520 2319 ΑΕ*ζ

1506 2395 1520 2508 3
