1520 2508
189 104 252 146 48
493 107 495 109 ’
720 108 985 143 AEAOMENA
1110 83 1111 86 ¹
1340 94 1359 152 ’,
1415 129 1418 132 .
1459 82 1518 156 ⁴5⁹7.

195 201 304 240 ἔστω
335 206 386 255 τῇ
416 198 549 240 θέσει.
597 198 760 253 λέγω,”
746 201 810 242 ότι
842 200 1012 244 δέδοται
1043 202 1068 256 ἡ
1094 206 1179 245 ΑΒ
1209 210 1260 260 τῇ
1284 196 1402 254 θέσει
1431 205 1502 252 κά

141 322 150 331 1
194 274 256 325 τῷ
286 268 471 322 μεγέθει.
1490 302 1497 311 -

284 338 324 378 εἰ
345 337 427 392 γὰρ
447 336 652 392 μένοντος
670 345 747 381 τοῦ
768 343 809 385 A
827 350 1118 395 μεταπεσεῖται
1136 349 1211 397 τῆς
1229 348 1270 385 Α
1278 347 1314 386 Β
1334 335 1504 399 εὐθείας

196 407 292 459 ’ἤτοι
335 406 361 459 ἡ
397 406 521 464 θέσις
558 407 583 461 ἢ
619 409 667 450 τὸ
703 408 904 464 μέγεθος,
946 420 1237 465 μεταπεσεῖται
1278 413 1348 457 καὶ
1383 417 1430 458 τὸ
1465 418 1502 461 Β

146 490 171 520 5
198 483 386 530 σημεῖον.
434 477 486 518 οὐ
511 479 758 531 μεταπίπτει
782 478 840 520 δέ.
895 469 1066 522 δέδοται
1091 482 1173 537 ἄρα
1197 482 1223 536 ἡ
1249 487 1290 524 Α
1297 486 1333 525 Β
1358 485 1503 530 εὐθεῖα

124 593 137 609 .
196 550 248 599 τῇ
278 544 398 587 θέσει
428 545 500 588 καὶ
530 553 589 603 τῷ
619 547 802 601 μεγέθει.

817 663 891 714 κζ’.
1473 707 1492 719 ,,

281 741 379 785 Ἐὰν
415 744 588 793 εὐθείας
629 751 825 799 γραμμῆς
865 753 916 800 τῇ
957 746 1079 788 θέσει
1121 747 1192 789 καὶ
1233 755 1291 806 τῷ
1336 750 1503 804 μεγέθει

197 812 430 872 δεδομένης
470 814 518 855 τὸ
556 814 603 855 ἓν
638 813 769 869 πέρας
806 812 941 856 δοθεν
975 812 1020 871 ᾖ,
1062 816 1134 858 καὶ
1168 819 1216 860 τὸ
1255 817 1400 875 ε’τερον
1434 821 1503 864 δο-

123 894 171 925 10
196 883 389 935 θήσεται.

284 952 458 1001 εὐθείας
498 953 580 1008 γαρ
623 959 817 1007 γραμμῆς
865 961 915 1010 τῇ
957 955 1076 997 θέσει
1125 956 1195 998 και
1236 964 1295 1014 τῷ
1338 958 1503 1012 μεγέθει

197 1019 431 1075 δεδομένης
471 1027 546 1075 τῆς
581 1016 665 1063 ΑΒ
708 1023 772 1064 τὸ
799 1023 846 1064 ἓν
880 1023 1012 1078 πέρας
1047 1026 1094 1066 τὸ
1132 1030 1172 1067 Α
1215 1025 1350 1068 δοθεν
1391 1029 1504 1091 ‹5on

197 1089 321 1144 λέγω,
353 1090 418 1132 ὅτι
449 1090 520 1133 καὶ
550 1092 598 1133 τὸ
629 1094 665 1132 Β
697 1091 832 1134 δοθέν
863 1092 991 1135 ἐστιν.

285 1161 326 1202 εἰ
353 1161 435 1216 γὰρ
467 1160 671 1215 μένοντος
700 1167 778 1203 τοῦ
803 1165 844 1202 A
875 1165 1052 1217 σημείου
1083 1173 1374 1218 μεταπεσεῖται
1400 1167 1450 1214 τὸ
1468 1168 1504 1213 B

73 1223 75 1226 ’
123 1232 170 1271 1'5
197 1238 392 1285 σημεῖον,
428 1239 721 1286 μεταπεσεῖται
757 1233 840 1286 ἄρα
876 1231 946 1273 καὶ
983 1239 1057 1286 τῆς
1087 1237 1171 1275 ΑΒ
1208 1235 1381 1285 εὐθείας
1415 1237 1504 1290 ἤτοι

195 1299 222 1353 ἡ
253 1299 377 1349 θέσις
406 1299 432 1353 ἢ
463 1301 511 1341 τὸ
541 1299 734 1354 μέγεθος.
790 1301 841 1342 οὐ
871 1304 1117 1355 μεταπίπτει
1149 1303 1207 1345 δέ.
1262 1302 1396 1346 δοθὲν
1425 1306 1504 1361 ἄρα

196 1367 286 1417 ἐστὶ
317 1370 365 1411 τὸ
396 1372 432 1410 Β
464 1359 654 1423 σημεῖον.

812 1479 864 1517 κη
885 1495 894 1504 .

280 1541 379 1585 Ἐὰν
410 1544 482 1585 διὰ
511 1544 747 1599 δεδομένου
779 1547 955 1599 σημείου
986 1547 1101 1600 παρὰ
1130 1545 1249 1588 θέσει
1275 1546 1507 1601 δεδομένην

121 1622 172 1653 20
198 1612 378 1654 εὐθεῖαν
413 1613 563 1655 εὐθεῖα
599 1615 770 1669 γραμμὴ
807 1613 940 1669 ἀχθῇ,
984 1614 1154 1657 δέδοται
1190 1615 1216 1669 ἡ
1247 1610 1427 1670 ἀχθεῖσα
1454 1619 1514 1671 τῇ

197 1681 330 1734 θέσει.

286 1752 358 1793 διὰ
382 1753 464 1807 γὰρ
489 1751 724 1807 δεδομένου
749 1755 927 1807 σημείου
951 1759 1028 1795 τοῦ
1047 1758 1088 1795 Α
1118 1755 1232 1807 παρὰ
1250 1753 1370 1796 θέσει
1389 1754 1505 1796 δεδο-

197 1820 333 1876 μένην
363 1821 541 1863 εὐθείαν
570 1823 648 1876 τὴν
672 1824 760 1864 ΒΓ
783 1822 947 1864 εὐθεῖα.
963 1824 1133 1878 γραμμὴ
1164 1824 1286 1878 ἤχθω
1311 1823 1337 1877 ἡ
1362 1824 1504 1866 ΔΑΕ.

199 1890 323 1946 λέγω,
354 1891 420 1933 ὅτι
451 1890 620 1933 δέδοται
651 1891 676 1945 ἡ
707 1894 839 1933 ΔΑΕ
865 1898 915 1947 τῇ
946 1891 1078 1934 θέσει.
1496 1917 1497 1920 =

31 1956 39 1964 '
122 1969 173 2001 25
287 1961 328 2002 εἰ
355 1961 437 2015 γὰρ
470 1962 546 2015 μή,
583 1960 786 2015 μένοντος
821 1966 898 2003 τοῦ
928 1965 969 2002 Α
1005 1964 1181 2015 σημείου
1217 1969 1504 2015 μεταπεσεῖται

295 2113 325 2143 1.
359 2108 444 2144 ἔστω
473 2114 515 2154 τῇ
541 2107 658 2154 θέσει]
691 2119 758 2143 om.
786 2120 817 2143 a.
938 2108 1037 2154 ἔστω]
1071 2108 1227 2144 ἔστωσαν
1257 2114 1290 2145 τ’.
1406 2112 1438 2143 4

199 2165 270 2189 om.
285 2166 317 2190 a.
391 2159 422 2190 5.
447 2155 485 2200 ἡ]
507 2166 700 2199 suprascr.
717 2167 763 2190 m
786 2159 803 2189 1
826 2167 859 2190 v,
931 2155 1075 2201 εὐθεῖα]
1096 2166 1164 2190 om.
1179 2167 1212 2191 a.
1285 2159 1315 2190 9.
1336 2153 1450 2191 δοθὲν

199 2202 299 2247 δοθῇ
325 2202 357 2247 β.
459 2201 672 2247 δοθήσεται]
698 2199 813 2237 δοθὲν
839 2201 937 2236 ἔσται
961 2202 993 2247 β.
1099 2206 1152 2236 11.
1178 2202 1356 2260 γραμμῆς]
1381 2212 1448 2236 om.
1472 2210 1505 2241 v,

250 2251 302 2282 12.
330 2247 415 2282 ἔστω
458 2215 614 2283 ἔστωΊΞῑαν
639 2259 672 2292 v,
698 2247 767 2283 del.
794 2259 861 2283 σαν
886 2250 987 2283 m.2.
1061 2252 1114 2283 14.
1140 2248 1173 2283 εἰ
1189 2248 1258 2294 γὰρ
1277 2248 1326 2293 μή
1350 2259 1382 2283 a.
1448 2244 1516 2285 w?

195 2292 412 2337 μεταπίπτει
448 2300 697 2338 μεταπεσεῖται
717 2306 747 2329 a
829 2299 880 2329 17.
907 2294 987 2338 Seq
1008 2294 1203 2330 demonstr.
1223 2294 1350 2339 altera,
1375 2305 1407 2329 u.
1425 2296 1507 2339 app:

1486 2454 1515 2508 ἐξ»
