1520 2508
543 81 912 115 PROLEGOMENA.
1317 80 1404 115 XIX

60 173 140 212 ἐπεί
230 188 266 221 p.
293 178 349 220 88,
376 179 397 210 2
421 175 549 222 AAB]
574 177 684 210 ΑΒΔ
769 178 789 209 6
815 172 918 221 ἐπεί]
943 174 1007 210 καὶ
1033 174 1118 210 ἐπεί
1209 188 1245 221 p.
1273 179 1329 221 90,
1358 179 1402 210 10

58 229 150 274 πρὸς
171 228 212 264 τὸ
235 229 355 275 ΖΕΑ]
381 239 493 274 supra.
517 228 603 263 add.
625 229 673 273 (E
684 229 760 273 ZA)
835 231 878 262 13
904 228 1010 275 πρός]
1036 239 1127 264 corr.
1149 239 1194 264 ex
1217 227 1283 264 καί
1357 233 1402 263 14

59 280 247 330 συνθέντι]
271 282 342 318 del.
362 283 401 317 et
419 292 531 328 supra.
551 292 617 316 scr.
639 281 918 326 συναμφότερος
992 282 1189 329 ΓΕΒΖΑ]
1218 284 1360 318 ΓΕΑΒ
1374 285 1402 318 Ζ

106 337 227 383 ΖΒΑ]
253 339 355 372 ΒΖΑ
379 338 470 372 mut.
496 336 537 371 in
565 337 665 370 ZAB
755 347 790 380 p.
813 339 869 379 92,
889 338 910 369 3
935 335 1024 381 τῶν]
1052 346 1142 370 corr.
1170 346 1215 371 ex
1238 335 1280 371 τό
1356 340 1400 371 16

36 387 116 436 wa]
141 400 230 425 corr.
256 401 300 425 ex
323 389 383 435 τό,
413 389 505 425 stem
529 402 564 435 p.
585 391 647 433 94,
669 391 689 422 2
768 401 803 433 p.
825 391 880 433 94,
902 392 923 422 2
948 389 1077 435 ΑΗΒ]
1106 399 1195 424 corr.
1223 399 1270 424 ex
1294 392 1398 424 ΑΒΒ

98 454 134 488 p.
156 446 210 489 96,
232 447 251 477 1
278 442 375 490 εἴδη]
401 454 491 478 corr.
512 453 556 478 ex
575 440 667 477 εἴδει
741 445 782 476 11
812 442 897 488 ΕΖ]
922 441 991 487 τὴν
1012 443 1083 476 ΕΖ
1154 455 1189 488 p.
1206 446 1263 488 98,
1283 447 1304 478 3
1330 442 1396 479 καί

54 515 98 522 —-
124 499 145 531 5
174 497 224 544 Β]
260 496 320 533 bis
351 509 399 532 m.
427 500 465 542 1,
503 507 593 531 corr.
625 507 673 530 m.
701 498 721 529 2
821 498 865 530 18
898 495 1034 541 αὐτοῦ]
1073 506 1164 531 corr.
1199 507 1245 531 ex
1275 497 1400 532 αὐτῶν

99 561 134 594 p.
156 553 234 595 100,
255 553 276 585 5
301 550 456 596 λοιπῶν]
477 551 615 584 λοιπῶν
633 550 802 593 πλευρῶν
874 551 895 583 8
921 548 1014 593 πρὸς
1033 547 1186 596 ἄλληλα]
1207 550 1279 585 del.
1355 554 1399 585 15

53 601 166 650 ἐστίν]
191 604 277 639 add.
357 607 401 638 16
427 603 525 650 ΕΗ]
560 605 629 637 ΕΖ
703 605 747 636 19
774 602 922 648 εὐθεῖα]
949 601 1020 637 del.
1117 615 1152 648 p.
1175 607 1260 649 102,
1288 607 1306 638 1
1335 603 1398 650 αἱ]

53 655 138 691 add.
212 661 232 692 6
251 655 336 704 καί]
357 657 441 692 add.
514 659 555 690 11
577 656 663 701 posss
681 653 817 701 χωρίον
836 655 922 691 add.
941 653 1105 691 τουτέστι
1123 656 1217 700 πρὸς
1234 657 1304 702 τὴν
1325 660 1402 693 ΓΚ

100 713 143 745 15
163 711 244 757 BA]
263 714 329 746 AB
402 714 446 746 18
465 709 551 756 γάρ]
573 709 643 744 del.
718 712 762 742 22
783 710 871 755 HA]
893 711 933 743 Η
949 720 1039 744 corr.
1056 719 1100 744 ex
1122 712 1153 744 Ε
1225 723 1260 756 p.
1277 714 1356 756 104,
1375 715 1396 746 2

53 764 174 811 ΓΑΔ]
200 775 289 799 corr.
317 775 362 800 ex
384 766 487 799 ΑΓΔ
562 767 604 798 12
629 761 766 809 πλάτη]
791 773 882 797 corr.
909 773 954 797 ex
978 762 1078 797 ἁπλᾶ
1104 769 1148 810 τῇ
1223 767 1266 798 17
1293 765 1396 811 δίχα]

50 813 109 850 bis
133 828 181 851 m.
209 820 247 861 1,
278 827 367 851 corr.
392 828 439 851 m.
467 820 487 850 2
585 818 630 850 20
655 816 792 862 σχῆμα]
819 827 909 851 corr.
936 827 982 851 ex
1008 818 1079 851 EZ
1174 829 1209 862 p.
1238 821 1324 863 108,
1351 822 1396 852 15

52 870 263 916 EBAHZ]
290 872 518 905 ΕΓΒΔΗΖ
613 881 648 915 p.
677 872 756 914 110,
782 872 826 903 22
859 867 961 916 ἐπεί]
996 869 1077 905 ἐπεὶ
1102 866 1170 906 οὖν
1244 874 1289 904 23
1314 872 1394 918 τῆς]

51 933 140 958 con.
166 934 211 958 ex
233 929 278 970 τῇ
347 922 432 970 τήν]
459 923 530 959 del.
604 923 694 970 ἄρα]
719 923 794 968 ἄρα
820 922 917 959 ἐστίν
990 936 1025 969 p.
1048 927 1126 969 112,
1148 928 1168 958 2
1197 926 1280 972 ΓΒ]
1306 926 1393 962 add.

49 987 122 1022 mg.
141 976 523 1022 παραλληλόγραμμον
543 974 747 1022 δεδομένον
766 980 815 1024 τῷ
837 976 928 1012 εἴδει
946 977 988 1012 τὸ
1012 979 1076 1012 ΖΒ
1148 979 1231 1025 ΑΒ]
1251 983 1280 1014 Α
1292 982 1395 1014 ΖΓΒ

94 1033 118 1064 4
143 1029 271 1074 ἐπειδή
290 1050 335 1056 -
355 1033 376 1064 5
402 1029 612 1076 ὑπόκειται]
638 1029 710 1067 del.
731 1031 769 1065 etz
794 1041 906 1076 supra
926 1042 993 1065 ser.
1020 1030 1215 1066 ὑπόκειται
1239 1033 1304 1068 καὶ
1328 1039 1394 1069 τοῦ

46 1084 190 1118 ΑΖΓΒ
214 1083 306 1128 πρὸς
323 1083 364 1118 τὸ
385 1085 450 1118 ΓΛ
469 1082 576 1128 λόγος
595 1081 725 1124 δοθείς
798 1087 842 1118 13
867 1084 1001 1130 ΑΓΚ]
1022 1086 1057 1119 Γ
1078 1085 1163 1120 add.
1238 1089 1282 1120 25
1302 1086 1396 1131 πρὸς

47 1133 104 1181 τό]
131 1146 243 1180 supra.
262 1136 348 1171 add.
420 1149 456 1182 p.
479 1140 558 1181 116,
578 1140 600 1171 8
625 1136 756 1182 ΑΒΓ]
783 1139 818 1170 Γ
838 1137 924 1172 add.
998 1150 1034 1183 p.
1056 1141 1135 1183 118,
1155 1142 1177 1172 3
1205 1137 1292 1186 ἔξει]
1319 1139 1393 1186 ἔχει

96 1192 141 1224 10
165 1195 237 1226 τῶν
257 1189 366 1236 (alt.)]
393 1190 478 1225 add.
555 1193 597 1225 15
623 1191 758 1237 ΔΒΓ]
784 1193 871 1235 AB,
893 1193 972 1235 ΒΓ,
1005 1192 1043 1226 et
1066 1191 1122 1226 ita
1148 1202 1292 1238 semper
1315 1193 1392 1228 fere

46 1241 87 1276 in
110 1242 338 1288 rectangulis
364 1242 620 1290 significandis
692 1256 727 1289 p.
750 1247 829 1289 120,
850 1247 894 1279 15
921 1243 1010 1291 ἄρα]
1037 1244 1111 1289 ἄρα
1135 1245 1229 1289 πρὸς
1251 1246 1293 1282 τὸ
1319 1247 1392 1283 ὑπὸ

45 1300 118 1330 τῶν
151 1297 234 1341 ΓΒ,
259 1299 330 1331 ΑΔ
359 1295 467 1341 λόγος
497 1295 572 1331 ἐστὶ
602 1297 735 1337 δοθείς
838 1300 881 1332 16
913 1298 1042 1344 ΑΒΓ]
1073 1301 1185 1333 ΑΒΓ
1211 1298 1393 1344 τρίγωνον

93 1352 136 1383 17
161 1347 357 1396 τρίγωνον]
383 1349 468 1385 add.
570 1353 612 1385 19
646 1348 813 1397 ἔλασσον]
845 1350 1082 1396 παράλληλον
1107 1364 1154 1387 m.
1184 1356 1221 1397 1,
1253 1353 1326 1389 del.
1354 1356 1393 1390 et

44 1413 156 1448 supra.
174 1413 240 1438 scr.
257 1402 406 1439 ἔλαττον
424 1415 471 1439 m.
487 1407 508 1438 2
575 1416 609 1449 p.
627 1406 706 1448 122,
721 1407 741 1438 6
761 1407 832 1439 ΑΔ
840 1404 891 1450 Β]
913 1407 1019 1440 ΒΔΑ
1087 1410 1106 1440 7
1122 1404 1275 1442 δέδοται
1290 1409 1388 1456 (pr.)]

43 1454 202 1491 δοθεῖσά
227 1455 301 1491 ἐστι
372 1460 394 1491 9
418 1455 526 1502 πρός]
551 1456 644 1500 πρὸς
667 1456 736 1501 τήν
814 1461 857 1491 12
883 1460 963 1502 ΑΓ,
984 1459 1075 1506 BA]
1103 1462 1183 1504 BA,
1203 1463 1271 1495 AZ
1344 1466 1389 1497 24

42 1509 130 1555 ΑΒ]
162 1511 226 1544 ΒΑ
320 1521 356 1555 p.
384 1513 468 1554 124,
496 1510 676 1557 7.ΒΑΓ]
712 1513 822 1545 ΒΑΓ
847 1509 1012 1546 τουτέστι
1041 1512 1082 1548 τὸ
1115 1513 1190 1549 ἀπὸ
1222 1519 1286 1559 τῆς
1318 1518 1388 1551 BA

91 1564 135 1596 14
153 1559 315 1607 ἡμίσειαι
334 1560 404 1608 γάρ
425 1562 509 1609 εἰσι]
530 1561 685 1607 ἑκατέρα
704 1562 775 1609 γὰρ
795 1564 918 1599 αὐτῶν
932 1563 1081 1609 ἡμίσειά
1095 1565 1170 1601 ἐστι
1236 1566 1388 1605 δέδοται

42 1635 88 1640 -
108 1618 151 1650 15
178 1617 305 1663 ΒΑΓ]
337 1614 540 1662 δεδομένης
566 1616 677 1662 οὔσης
762 1621 807 1653 16
833 1619 924 1664 ΔΑ]
950 1622 1021 1654 ΑΔ
1107 1623 1151 1655 18
1177 1619 1279 1668 ἐπεί]
1306 1621 1387 1657 ἐπεί

41 1666 138 1704 ἐστιν
223 1672 267 1703 19
291 1670 383 1716 AA]
407 1670 477 1716 τὴν
500 1674 571 1705 ΑΛ
661 1673 707 1705 20
731 1669 826 1717 ὑπό]
852 1671 924 1707 ὑπὸ
950 1678 1024 1708 τῶν
1108 1675 1200 1720 AA]
1225 1680 1291 1720 τῆς
1314 1680 1387 1711 ΑΔ

89 1725 131 1756 21
160 1724 224 1757 ΓΔ
237 1724 335 1769 (pr)]
360 1723 428 1768 τὴν
450 1726 515 1759 ΓΔ
589 1726 653 1759 ΓΔ
667 1723 777 1770 (alt.)]
796 1729 861 1769 τῆς
882 1727 947 1760 ΓΔ
1020 1730 1063 1760 22
1090 1728 1175 1774 AA]
1195 1731 1224 1762 A
1232 1732 1266 1763 A
1339 1733 1384 1763 24

39 1774 88 1816 ὡς
113 1774 202 1822 ἄρα]
233 1775 306 1820 ἄρα
331 1776 380 1817 ὡς
480 1789 515 1822 p.
544 1780 628 1822 126,
654 1781 674 1811 2
706 1778 836 1824 ΑΒΓ]
869 1781 977 1813 ΒΑΓ
1063 1784 1084 1815 3
1117 1782 1245 1828 ΒΑΓ]
1279 1785 1390 1817 ΒΑΓ

40 1829 180 1873 γωνίαν
256 1833 279 1864 4
304 1831 439 1875 ΔΓΕ]
466 1832 549 1874 ΕΓ,
571 1833 635 1865 ΓΔ
707 1832 836 1878 ΑΒΓ]
861 1835 973 1867 ΑΒΓ
991 1831 1172 1878 τρίγωνον
1246 1838 1266 1869 5
1292 1837 1382 1883 τῶν]

40 1881 113 1917 ὑπὸ
136 1887 208 1918 τῶν
280 1886 301 1917 8
326 1884 522 1930 τρίγωνον]
547 1882 726 1928 τρίγωνον
745 1887 855 1919 ΑΒΓ
923 1899 958 1931 p.
982 1889 1060 1931 128,
1083 1890 1126 1921 16
1151 1889 1383 1934 παραλληλό-

40 1936 202 1982 γραμμα]
227 1947 316 1971 corr.
336 1947 381 1972 ex
399 1936 613 1983 παράλληλα
684 1950 719 1983 p.
742 1941 820 1982 130,
842 1942 862 1972 2
883 1937 984 1986 ἐπεί]
1010 1940 1075 1975 καὶ
1094 1938 1174 1975 ἐπεί
1246 1945 1316 1977 ΔΑ
1325 1944 1379 1989 Γ]

38 1991 108 2022 ΔΑ
116 1991 153 2023 K
221 1993 241 2023 9
267 1991 365 2036 ΕΗ]
388 1991 458 2026 ΖΘ
531 1995 574 2025 19
593 1990 999 2039 παραλληλογράμμων]
1024 2004 1113 2028 corr.
1129 2005 1173 2029 ex
1191 1996 1380 2040 παραλλή-

38 2043 111 2076 λων
181 2054 217 2088 p.
238 2046 315 2088 132,
335 2047 355 2078 2
380 2043 762 2092 παραλληλογράμμῳ]
788 2056 878 2081 corr.
894 2057 938 2080 ex
959 2046 1178 2095 παραλλήλῳ
1251 2052 1272 2083 5
1297 2048 1378 2097 καί]

38 2092 118 2129 ἐπεὶ
144 2091 212 2130 οὖν
284 2098 327 2130 16
356 2098 439 2144 ΖΘ]
466 2100 546 2132 ΕΗ
618 2101 661 2132 21
689 2099 863 2145 δοθεῖσα]
891 2099 961 2134 del.
1058 2112 1093 2146 p.
1117 2104 1194 2146 134,
1217 2106 1260 2136 13
1288 2102 1377 2150 ἔχει]

39 2145 110 2190 ἕξει
182 2151 227 2183 23
253 2147 403 2196 γωνίας]
422 2149 559 2196 γωνίας
578 2150 644 2192 τὰς
662 2152 754 2197 πρὸς
772 2158 849 2193 τοῖς
867 2156 908 2197 Α,
922 2156 955 2188 A
975 2151 1138 2198 σημείοις
1210 2168 1244 2201 p.
1262 2160 1340 2201 136,
1358 2162 1375 2191 1

36 2199 102 2241 τάς
126 2222 172 2227 -—-
196 2202 251 2248 A]
283 2202 354 2238 del.
445 2207 465 2238 2
490 2204 868 2252 παραλληλόγραμμα]
898 2206 1259 2254 παραλληλόγραμμα
1285 2210 1378 2254 πρὸς

35 2253 171 2299 ἄλληλα
250 2259 271 2290 3
297 2256 388 2300 πρὸς
412 2256 563 2304 ἄλληλα]
590 2258 662 2294 del.
745 2263 765 2294 5
791 2260 920 2306 ΑΒΓ]
945 2263 1057 2295 ΑΒΓ
1075 2262 1256 2307 τριγώνου
1332 2267 1376 2297 10

34 2308 224 2355 ποιοῦσαι]
243 2310 331 2343 mut.
347 2308 386 2344 in
404 2317 558 2347 ποιῶσιν
617 2316 661 2347 25
681 2313 759 2359 τῆς]
781 2324 870 2348 corr.
886 2324 930 2348 ex
948 2319 1014 2349 τοῦ
1086 2327 1121 2360 p.
1138 2318 1217 2361 138,
1232 2320 1252 2350 2
1273 2314 1374 2363 ἐπεί]

1109 2373 1159 2408 b.
