<?xml version="1.0" encoding="UTF-8"?>
<!DOCTYPE html PUBLIC "-//W3C//DTD XHTML 1.0 Transitional//EN"
    "http://www.w3.org/TR/xhtml1/DTD/xhtml1-transitional.dtd">
<html xmlns="http://www.w3.org/1999/xhtml" xml:lang="en" lang="en">
 <head>
  <title>
</title>
<meta http-equiv="Content-Type" content="text/html;charset=utf-8" />
  <meta name='ocr-system' content='tesseract 3.04.00' />
  <meta name='ocr-capabilities' content='ocr_page ocr_carea ocr_par ocr_line ocrx_word'/>
</head>
<body>
  <div class='ocr_page' id='page_1' title='image "./euclidisoperaomn06eucluoft_0256.png"; bbox 0 0 1520 2508; ppageno 0'>
   <div class='ocr_carea' id='block_1_1' title="bbox 387 570 1405 659">
    <p class='ocr_par' dir='ltr' id='par_1_1' title="bbox 387 570 1405 659">
     <span class='ocr_line' id='line_1_1' title="bbox 387 570 1405 659; baseline 0.006 -7"><span class='ocrx_word' id='word_1_1' title='bbox 387 605 995 655; x_wconf 80' lang='lat' dir='ltr'><strong>DEMONSTRATIONES</strong></span> <span class='ocrx_word' id='word_1_2' title='bbox 1031 609 1336 659; x_wconf 85' lang='lat' dir='ltr'><em>ALTERAE.</em></span> <span class='ocrx_word' id='word_1_3' title='bbox 1403 570 1405 572; x_wconf 21' lang='grc' dir='ltr'>Ι</span> 
     </span>
    </p>
   </div>
   <div class='ocr_carea' id='block_1_2' title="bbox 682 736 1038 878">
    <p class='ocr_par' dir='ltr' id='par_1_2' title="bbox 682 736 1038 878">
     <span class='ocr_line' id='line_1_2' title="bbox 845 736 878 775; baseline 0 0"><span class='ocrx_word' id='word_1_4' title='bbox 845 736 878 775; x_wconf 94' lang='grc'><em>1.</em></span> 
     </span>
     <span class='ocr_line' id='line_1_3' title="bbox 682 813 1038 878; baseline 0.006 -23"><span class='ocrx_word' id='word_1_5' title='bbox 682 813 749 855; x_wconf 83' lang='lat' dir='ltr'><em>Ad</em></span> <span class='ocrx_word' id='word_1_6' title='bbox 778 829 895 878; x_wconf 83' lang='lat' dir='ltr'><strong>prop.</strong></span> <span class='ocrx_word' id='word_1_7' title='bbox 926 815 1038 857; x_wconf 87' lang='lat' dir='ltr'>XIX.</span> 
     </span>
    </p>
   </div>
   <div class='ocr_carea' id='block_1_3' title="bbox 95 906 1519 1880">
    <p class='ocr_par' dir='ltr' id='par_1_3' title="bbox 660 906 1044 958">
     <span class='ocr_line' id='line_1_4' title="bbox 660 906 1044 958; baseline 0.005 -9"><span class='ocrx_word' id='word_1_8' title='bbox 660 906 849 958; x_wconf 73' lang='grc' dir='ltr'><em>’Ἄλλως</em></span> <span class='ocrx_word' id='word_1_9' title='bbox 878 909 932 950; x_wconf 91' lang='grc' dir='ltr'><em>τὸ</em></span> <span class='ocrx_word' id='word_1_10' title='bbox 964 907 1044 951; x_wconf 83' lang='grc' dir='ltr'><em>ιθ’.</em></span> 
     </span>
    </p>

    <p class='ocr_par' dir='ltr' id='par_1_4' title="bbox 152 982 1519 1321">
     <span class='ocr_line' id='line_1_5' title="bbox 152 982 1515 1045; baseline 0.004 -18"><span class='ocrx_word' id='word_1_11' title='bbox 152 990 172 1022; x_wconf 85' lang='grc' dir='ltr'>ὅ</span> <span class='ocrx_word' id='word_1_12' title='bbox 285 988 490 1029; x_wconf 85' lang='grc' dir='ltr'><em>Δυνατὸν</em></span> <span class='ocrx_word' id='word_1_13' title='bbox 520 985 571 1028; x_wconf 87' lang='grc' dir='ltr'><em>δέ</em></span> <span class='ocrx_word' id='word_1_14' title='bbox 598 987 690 1030; x_wconf 72' lang='grc' dir='ltr'><em>ἐστι’</em></span> <span class='ocrx_word' id='word_1_15' title='bbox 716 987 788 1030; x_wconf 77' lang='grc' dir='ltr'><em>καὶ</em></span> <span class='ocrx_word' id='word_1_16' title='bbox 818 989 966 1039; x_wconf 78' lang='grc' dir='ltr'><em>οὕτως.</em></span> <span class='ocrx_word' id='word_1_17' title='bbox 1015 992 1120 1032; x_wconf 85' lang='grc' dir='ltr'><em>ἔστω</em></span> <span class='ocrx_word' id='word_1_18' title='bbox 1151 992 1248 1045; x_wconf 79' lang='grc' dir='ltr'><em>τρία</em></span> <span class='ocrx_word' id='word_1_19' title='bbox 1271 982 1432 1045; x_wconf 74' lang='grc' dir='ltr'><em>μεγέθὴ</em></span> <span class='ocrx_word' id='word_1_20' title='bbox 1457 992 1515 1033; x_wconf 81' lang='grc' dir='ltr'><em>τὰ-</em></span> 
     </span>
     <span class='ocr_line' id='line_1_6' title="bbox 188 1055 1519 1115; baseline 0.005 -19"><span class='ocrx_word' id='word_1_21' title='bbox 188 1057 297 1109; x_wconf 81' lang='lat' dir='ltr'><em>AB,</em></span> <span class='ocrx_word' id='word_1_22' title='bbox 324 1058 371 1110; x_wconf 79' lang='lat' dir='ltr'><em>F,</em></span> <span class='ocrx_word' id='word_1_23' title='bbox 395 1060 450 1111; x_wconf 86' lang='lat' dir='ltr'><em>A,</em></span> <span class='ocrx_word' id='word_1_24' title='bbox 481 1055 553 1098; x_wconf 83' lang='grc' dir='ltr'><em>καὶ</em></span> <span class='ocrx_word' id='word_1_25' title='bbox 577 1058 624 1099; x_wconf 91' lang='grc' dir='ltr'><em>τὸ</em></span> <span class='ocrx_word' id='word_1_26' title='bbox 649 1055 728 1112; x_wconf 76' lang='grc' dir='ltr'><em>μὲν</em></span> <span class='ocrx_word' id='word_1_27' title='bbox 752 1061 838 1100; x_wconf 90' lang='grc' dir='ltr'><em>ΑΒ</em></span> <span class='ocrx_word' id='word_1_28' title='bbox 865 1065 943 1100; x_wconf 90' lang='grc' dir='ltr'><em>τοῦ</em></span> <span class='ocrx_word' id='word_1_29' title='bbox 969 1061 1011 1101; x_wconf 94' lang='grc' dir='ltr'><strong>Γ</strong></span> <span class='ocrx_word' id='word_1_30' title='bbox 1033 1057 1210 1102; x_wconf 80' lang='grc' dir='ltr'><em>δοθέντι</em></span> <span class='ocrx_word' id='word_1_31' title='bbox 1234 1062 1376 1115; x_wconf 81' lang='grc' dir='ltr'><em>μεῖζον</em></span> <span class='ocrx_word' id='word_1_32' title='bbox 1401 1062 1519 1102; x_wconf 85' lang='grc' dir='ltr'><em>ἔστω·</em></span> 
     </span>
     <span class='ocr_line' id='line_1_7' title="bbox 196 1116 1508 1187; baseline 0.005 -21"><span class='ocrx_word' id='word_1_33' title='bbox 196 1123 222 1178; x_wconf 82' lang='grc' dir='ltr'><em>ἢ</em></span> <span class='ocrx_word' id='word_1_34' title='bbox 254 1123 300 1166; x_wconf 83' lang='grc' dir='ltr'><em>ἐν</em></span> <span class='ocrx_word' id='word_1_35' title='bbox 331 1116 458 1182; x_wconf 57' lang='grc' dir='ltr'><em>λόγου,</em></span> <span class='ocrx_word' id='word_1_36' title='bbox 488 1126 536 1167; x_wconf 90' lang='grc' dir='ltr'><em>τὸ</em></span> <span class='ocrx_word' id='word_1_37' title='bbox 568 1124 616 1168; x_wconf 76' lang='grc' dir='ltr'><em>δὲ</em></span> <span class='ocrx_word' id='word_1_38' title='bbox 642 1128 684 1168; x_wconf 93' lang='grc' dir='ltr'><em>Γ</em></span> <span class='ocrx_word' id='word_1_39' title='bbox 706 1132 783 1168; x_wconf 86' lang='grc' dir='ltr'><em>τοῦ</em></span> <span class='ocrx_word' id='word_1_40' title='bbox 807 1131 850 1168; x_wconf 95' lang='lat' dir='ltr'><em>A</em></span> <span class='ocrx_word' id='word_1_41' title='bbox 881 1126 1057 1170; x_wconf 79' lang='grc' dir='ltr'><strong><em>δοθέντι</em></strong></span> <span class='ocrx_word' id='word_1_42' title='bbox 1087 1131 1230 1183; x_wconf 81' lang='grc' dir='ltr'><em>μεῖζον</em></span> <span class='ocrx_word' id='word_1_43' title='bbox 1254 1128 1280 1183; x_wconf 79' lang='grc' dir='ltr'><em>ἢ</em></span> <span class='ocrx_word' id='word_1_44' title='bbox 1306 1129 1352 1171; x_wconf 85' lang='grc' dir='ltr'><em>ἐν</em></span> <span class='ocrx_word' id='word_1_45' title='bbox 1377 1132 1508 1187; x_wconf 79' lang='grc' dir='ltr'><em>λόγῳ·</em></span> 
     </span>
     <span class='ocr_line' id='line_1_8' title="bbox 195 1193 1508 1253; baseline 0.005 -18"><span class='ocrx_word' id='word_1_46' title='bbox 195 1193 324 1248; x_wconf 77' lang='grc' dir='ltr'><em>λέγω,</em></span> <span class='ocrx_word' id='word_1_47' title='bbox 361 1195 427 1236; x_wconf 83' lang='grc' dir='ltr'><em>ὅτι</em></span> <span class='ocrx_word' id='word_1_48' title='bbox 461 1194 534 1237; x_wconf 85' lang='grc' dir='ltr'><em>καὶ</em></span> <span class='ocrx_word' id='word_1_49' title='bbox 563 1197 611 1238; x_wconf 93' lang='grc' dir='ltr'><em>τὸ</em></span> <span class='ocrx_word' id='word_1_50' title='bbox 642 1200 683 1238; x_wconf 85' lang='lat' dir='ltr'><em>A</em></span> <span class='ocrx_word' id='word_1_51' title='bbox 692 1199 728 1238; x_wconf 90' lang='grc' dir='ltr'><strong>Β</strong></span> <span class='ocrx_word' id='word_1_52' title='bbox 765 1202 842 1239; x_wconf 87' lang='grc' dir='ltr'><em>τοῦ</em></span> <span class='ocrx_word' id='word_1_53' title='bbox 872 1201 915 1239; x_wconf 95' lang='lat' dir='ltr'><em>A</em></span> <span class='ocrx_word' id='word_1_54' title='bbox 952 1196 1129 1240; x_wconf 80' lang='grc' dir='ltr'><em>δοθέντι</em></span> <span class='ocrx_word' id='word_1_55' title='bbox 1163 1200 1306 1253; x_wconf 81' lang='grc' dir='ltr'><em>μεῖζόν</em></span> <span class='ocrx_word' id='word_1_56' title='bbox 1335 1194 1451 1241; x_wconf 67' lang='grc' dir='ltr'><em>ἐστιν</em></span> <span class='ocrx_word' id='word_1_57' title='bbox 1482 1199 1508 1253; x_wconf 79' lang='grc' dir='ltr'><em>ἢ</em></span> 
     </span>
     <span class='ocr_line' id='line_1_9' title="bbox 196 1262 995 1321; baseline 0.004 -16"><span class='ocrx_word' id='word_1_58' title='bbox 196 1262 243 1305; x_wconf 82' lang='grc' dir='ltr'><em>ἐν</em></span> <span class='ocrx_word' id='word_1_59' title='bbox 276 1265 403 1321; x_wconf 76' lang='grc' dir='ltr'><em>λόγῳ.</em></span> <span class='ocrx_word' id='word_1_60' title='bbox 992 1316 995 1321; x_wconf 96' lang='lat'>.</span> 
     </span>
    </p>

    <p class='ocr_par' dir='ltr' id='par_1_5' title="bbox 128 1332 1514 1530">
     <span class='ocr_line' id='line_1_10' title="bbox 128 1332 1507 1400; baseline 0.006 -28"><span class='ocrx_word' id='word_1_61' title='bbox 128 1339 172 1371; x_wconf 91' lang='lat'><em>10</em></span> <span class='ocrx_word' id='word_1_62' title='bbox 284 1332 374 1375; x_wconf 82' lang='grc' dir='ltr'><em>ἐπεὶ</em></span> <span class='ocrx_word' id='word_1_63' title='bbox 406 1335 489 1392; x_wconf 69' lang='grc' dir='ltr'><em>γὰρ</em></span> <span class='ocrx_word' id='word_1_64' title='bbox 517 1336 565 1378; x_wconf 90' lang='grc' dir='ltr'><em>τὸ</em></span> <span class='ocrx_word' id='word_1_65' title='bbox 597 1339 639 1377; x_wconf 92' lang='grc' dir='ltr'><em>Λ</em></span> <span class='ocrx_word' id='word_1_66' title='bbox 646 1338 683 1377; x_wconf 93' lang='grc' dir='ltr'><strong><em>Β</em></strong></span> <span class='ocrx_word' id='word_1_67' title='bbox 713 1342 791 1378; x_wconf 88' lang='grc' dir='ltr'><em>τοῦ</em></span> <span class='ocrx_word' id='word_1_68' title='bbox 817 1338 859 1378; x_wconf 95' lang='grc' dir='ltr'>Γ</span> <span class='ocrx_word' id='word_1_69' title='bbox 883 1336 1059 1379; x_wconf 81' lang='grc' dir='ltr'><em>δοθέντι</em></span> <span class='ocrx_word' id='word_1_70' title='bbox 1089 1340 1232 1392; x_wconf 79' lang='grc' dir='ltr'><em>μεῖζόν</em></span> <span class='ocrx_word' id='word_1_71' title='bbox 1262 1337 1378 1380; x_wconf 83' lang='grc' dir='ltr'><em>ἐστιν</em></span> <span class='ocrx_word' id='word_1_72' title='bbox 1408 1335 1507 1400; x_wconf 68' lang='grc' dir='ltr'><em>ἢέν</em></span> 
     </span>
     <span class='ocr_line' id='line_1_11' title="bbox 179 1402 1504 1461; baseline 0.004 -17"><span class='ocrx_word' id='word_1_73' title='bbox 179 1404 326 1459; x_wconf 68' lang='grc' dir='ltr'><em>λόγῳ,</em></span> <span class='ocrx_word' id='word_1_74' title='bbox 370 1402 614 1460; x_wconf 78' lang='grc' dir='ltr'><em>ἀφῃρήσθω</em></span> <span class='ocrx_word' id='word_1_75' title='bbox 650 1406 697 1447; x_wconf 92' lang='grc' dir='ltr'><em>τὸ</em></span> <span class='ocrx_word' id='word_1_76' title='bbox 735 1404 882 1448; x_wconf 74' lang='grc' dir='ltr'><em>δοθὲν</em></span> <span class='ocrx_word' id='word_1_77' title='bbox 904 1405 1087 1461; x_wconf 79' lang='grc' dir='ltr'><em>μέγεθος</em></span> <span class='ocrx_word' id='word_1_78' title='bbox 1122 1408 1169 1449; x_wconf 92' lang='grc' dir='ltr'><em>τὸ</em></span> <span class='ocrx_word' id='word_1_79' title='bbox 1201 1411 1242 1449; x_wconf 93' lang='grc' dir='ltr'><em>Α</em></span> <span class='ocrx_word' id='word_1_80' title='bbox 1250 1411 1307 1449; x_wconf 90' lang='grc' dir='ltr'><em>Ε·</em></span> <span class='ocrx_word' id='word_1_81' title='bbox 1350 1411 1504 1449; x_wconf 84' lang='grc' dir='ltr'><em>λοιποῦ</em></span> 
     </span>
     <span class='ocr_line' id='line_1_12' title="bbox 193 1472 1514 1530; baseline 0.005 -17"><span class='ocrx_word' id='word_1_82' title='bbox 193 1472 276 1527; x_wconf 77' lang='grc' dir='ltr'><em>ἄρα</em></span> <span class='ocrx_word' id='word_1_83' title='bbox 307 1478 385 1514; x_wconf 88' lang='grc' dir='ltr'><em>τοῦ</em></span> <span class='ocrx_word' id='word_1_84' title='bbox 415 1476 497 1515; x_wconf 88' lang='grc' dir='ltr'><em>ΕΒ</em></span> <span class='ocrx_word' id='word_1_85' title='bbox 532 1475 640 1530; x_wconf 77' lang='grc' dir='ltr'><em>πρὸς</em></span> <span class='ocrx_word' id='word_1_86' title='bbox 669 1476 716 1516; x_wconf 93' lang='grc' dir='ltr'><em>τὸ</em></span> <span class='ocrx_word' id='word_1_87' title='bbox 750 1477 791 1516; x_wconf 97' lang='grc' dir='ltr'><em>Γ</em></span> <span class='ocrx_word' id='word_1_88' title='bbox 820 1477 947 1529; x_wconf 81' lang='grc' dir='ltr'><em>λόγος</em></span> <span class='ocrx_word' id='word_1_89' title='bbox 982 1475 1071 1518; x_wconf 85' lang='grc' dir='ltr'><em>ἐστὶ</em></span> <span class='ocrx_word' id='word_1_90' title='bbox 1107 1475 1272 1526; x_wconf 77' lang='grc' dir='ltr'><em>δοθὲίς·</em></span> <span class='ocrx_word' id='word_1_91' title='bbox 1314 1478 1361 1519; x_wconf 90' lang='grc' dir='ltr'><em>τὸ</em></span> <span class='ocrx_word' id='word_1_92' title='bbox 1393 1475 1441 1519; x_wconf 77' lang='grc' dir='ltr'><em>δὲ</em></span> <span class='ocrx_word' id='word_1_93' title='bbox 1471 1480 1514 1519; x_wconf 93' lang='grc' dir='ltr'><em>Γ</em></span> 
     </span>
    </p>

    <p class='ocr_par' dir='ltr' id='par_1_6' title="bbox 95 1531 1504 1672">
     <span class='ocr_line' id='line_1_13' title="bbox 95 1531 1504 1603; baseline 0.004 -21"><span class='ocrx_word' id='word_1_94' title='bbox 95 1531 113 1551; x_wconf 81' lang='lat'><em>⁰</em></span> <span class='ocrx_word' id='word_1_95' title='bbox 193 1546 271 1592; x_wconf 81' lang='grc' dir='ltr'><em>τοῦ</em></span> <span class='ocrx_word' id='word_1_96' title='bbox 301 1545 344 1583; x_wconf 97' lang='lat' dir='ltr'><em>A</em></span> <span class='ocrx_word' id='word_1_97' title='bbox 380 1542 557 1585; x_wconf 84' lang='grc' dir='ltr'><em>δοθέντι</em></span> <span class='ocrx_word' id='word_1_98' title='bbox 593 1546 736 1598; x_wconf 77' lang='grc' dir='ltr'><em>μεῖζόν</em></span> <span class='ocrx_word' id='word_1_99' title='bbox 773 1544 891 1586; x_wconf 82' lang='grc' dir='ltr'><em>ἐστιν</em></span> <span class='ocrx_word' id='word_1_100' title='bbox 926 1544 953 1598; x_wconf 81' lang='grc' dir='ltr'><em>ἢ</em></span> <span class='ocrx_word' id='word_1_101' title='bbox 991 1545 1038 1587; x_wconf 82' lang='grc' dir='ltr'><em>ἐν</em></span> <span class='ocrx_word' id='word_1_102' title='bbox 1068 1547 1198 1603; x_wconf 75' lang='grc' dir='ltr'><em>λόγῳ·</em></span> <span class='ocrx_word' id='word_1_103' title='bbox 1240 1545 1311 1588; x_wconf 84' lang='grc' dir='ltr'><em>καὶ</em></span> <span class='ocrx_word' id='word_1_104' title='bbox 1341 1547 1389 1588; x_wconf 88' lang='grc' dir='ltr'><em>τὸ</em></span> <span class='ocrx_word' id='word_1_105' title='bbox 1420 1550 1504 1588; x_wconf 90' lang='grc' dir='ltr'><em>ΕΒ</em></span> 
     </span>
     <span class='ocr_line' id='line_1_14' title="bbox 193 1611 1501 1672; baseline 0.005 -20"><span class='ocrx_word' id='word_1_106' title='bbox 193 1611 276 1666; x_wconf 74' lang='grc' dir='ltr'><em>ἄρα</em></span> <span class='ocrx_word' id='word_1_107' title='bbox 300 1617 378 1653; x_wconf 86' lang='grc' dir='ltr'><em>τοῦ</em></span> <span class='ocrx_word' id='word_1_108' title='bbox 396 1616 439 1653; x_wconf 96' lang='lat' dir='ltr'><em>A</em></span> <span class='ocrx_word' id='word_1_109' title='bbox 464 1612 640 1664; x_wconf 78' lang='grc' dir='ltr'><em>δοθέντι</em></span> <span class='ocrx_word' id='word_1_110' title='bbox 665 1615 808 1668; x_wconf 76' lang='grc' dir='ltr'><em>μεῖζόν</em></span> <span class='ocrx_word' id='word_1_111' title='bbox 833 1613 951 1656; x_wconf 83' lang='grc' dir='ltr'><em>ἐστιν</em></span> <span class='ocrx_word' id='word_1_112' title='bbox 974 1614 1001 1668; x_wconf 70' lang='grc' dir='ltr'><em>’ἢ</em></span> <span class='ocrx_word' id='word_1_113' title='bbox 1020 1614 1067 1656; x_wconf 84' lang='grc' dir='ltr'><em>ἐν</em></span> <span class='ocrx_word' id='word_1_114' title='bbox 1085 1617 1211 1672; x_wconf 76' lang='grc' dir='ltr'><em>λόγῳ.</em></span> <span class='ocrx_word' id='word_1_115' title='bbox 1259 1615 1501 1671; x_wconf 77' lang='grc' dir='ltr'><em>ἀφῃρήσθω</em></span> 
     </span>
    </p>

    <p class='ocr_par' dir='ltr' id='par_1_7' title="bbox 124 1677 1503 1880">
     <span class='ocr_line' id='line_1_15' title="bbox 124 1677 1503 1740; baseline 0.004 -18"><span class='ocrx_word' id='word_1_116' title='bbox 124 1687 167 1718; x_wconf 80' lang='grc'><em>15</em></span> <span class='ocrx_word' id='word_1_117' title='bbox 193 1677 274 1723; x_wconf 82' lang='grc' dir='ltr'><em>οὖν</em></span> <span class='ocrx_word' id='word_1_118' title='bbox 309 1682 357 1723; x_wconf 87' lang='grc' dir='ltr'><em>τὸ</em></span> <span class='ocrx_word' id='word_1_119' title='bbox 394 1679 529 1724; x_wconf 77' lang='grc' dir='ltr'><em>δοθὲν</em></span> <span class='ocrx_word' id='word_1_120' title='bbox 563 1682 746 1737; x_wconf 79' lang='grc' dir='ltr'><em>μέγεθος</em></span> <span class='ocrx_word' id='word_1_121' title='bbox 781 1684 829 1725; x_wconf 92' lang='grc' dir='ltr'><em>τὸ</em></span> <span class='ocrx_word' id='word_1_122' title='bbox 865 1686 964 1725; x_wconf 84' lang='grc' dir='ltr'><em>ΕΖ·</em></span> <span class='ocrx_word' id='word_1_123' title='bbox 1007 1687 1160 1725; x_wconf 84' lang='grc' dir='ltr'><em>λοιποῦ</em></span> <span class='ocrx_word' id='word_1_124' title='bbox 1196 1685 1279 1740; x_wconf 76' lang='grc' dir='ltr'><em>ἄρα</em></span> <span class='ocrx_word' id='word_1_125' title='bbox 1314 1690 1391 1726; x_wconf 88' lang='grc' dir='ltr'><em>τοῦ</em></span> <span class='ocrx_word' id='word_1_126' title='bbox 1423 1688 1503 1727; x_wconf 89' lang='grc' dir='ltr'><em>ΖΒ</em></span> 
     </span>
     <span class='ocr_line' id='line_1_16' title="bbox 171 1747 1500 1805; baseline 0.004 -14"><span class='ocrx_word' id='word_1_127' title='bbox 171 1751 299 1805; x_wconf 72' lang='grc' dir='ltr'><strong>’πρὸς</strong></span> <span class='ocrx_word' id='word_1_128' title='bbox 329 1751 377 1792; x_wconf 93' lang='grc' dir='ltr'><em>τὸ</em></span> <span class='ocrx_word' id='word_1_129' title='bbox 401 1747 445 1792; x_wconf 92' lang='lat' dir='ltr'><em>A</em></span> <span class='ocrx_word' id='word_1_130' title='bbox 474 1753 600 1805; x_wconf 76' lang='grc' dir='ltr'><em>λόγος</em></span> <span class='ocrx_word' id='word_1_131' title='bbox 630 1751 720 1794; x_wconf 82' lang='grc' dir='ltr'><em>ἐστὶ</em></span> <span class='ocrx_word' id='word_1_132' title='bbox 751 1753 911 1802; x_wconf 80' lang='grc' dir='ltr'><em>δοθεῖς.</em></span> <span class='ocrx_word' id='word_1_133' title='bbox 958 1755 1034 1794; x_wconf 85' lang='grc' dir='ltr'><em>καί</em></span> <span class='ocrx_word' id='word_1_134' title='bbox 1055 1753 1144 1795; x_wconf 81' lang='grc' dir='ltr'><em>ἐστι</em></span> <span class='ocrx_word' id='word_1_135' title='bbox 1169 1751 1306 1795; x_wconf 76' lang='grc' dir='ltr'><em>δοθὲν</em></span> <span class='ocrx_word' id='word_1_136' title='bbox 1326 1755 1373 1795; x_wconf 93' lang='grc' dir='ltr'><em>τὸ</em></span> <span class='ocrx_word' id='word_1_137' title='bbox 1399 1758 1441 1796; x_wconf 93' lang='grc' dir='ltr'><em>Α</em></span> <span class='ocrx_word' id='word_1_138' title='bbox 1450 1758 1500 1796; x_wconf 90' lang='lat' dir='ltr'><em>Z·</em></span> 
     </span>
     <span class='ocr_line' id='line_1_17' title="bbox 192 1820 1465 1880; baseline 0.003 -19"><span class='ocrx_word' id='word_1_139' title='bbox 192 1820 239 1861; x_wconf 91' lang='grc' dir='ltr'><em>τὸ</em></span> <span class='ocrx_word' id='word_1_140' title='bbox 271 1822 357 1861; x_wconf 91' lang='lat' dir='ltr'><em>AB</em></span> <span class='ocrx_word' id='word_1_141' title='bbox 388 1821 471 1876; x_wconf 78' lang='grc' dir='ltr'><em>ἄρα</em></span> <span class='ocrx_word' id='word_1_142' title='bbox 500 1827 578 1863; x_wconf 89' lang='grc' dir='ltr'><em>τοῦ</em></span> <span class='ocrx_word' id='word_1_143' title='bbox 609 1826 652 1864; x_wconf 95' lang='lat' dir='ltr'><em>A</em></span> <span class='ocrx_word' id='word_1_144' title='bbox 682 1821 859 1864; x_wconf 89' lang='grc' dir='ltr'><em>δοθέντι</em></span> <span class='ocrx_word' id='word_1_145' title='bbox 888 1824 1030 1877; x_wconf 82' lang='grc' dir='ltr'><em>μεῖζόν</em></span> <span class='ocrx_word' id='word_1_146' title='bbox 1062 1822 1178 1865; x_wconf 82' lang='grc' dir='ltr'><em>ἐστιν</em></span> <span class='ocrx_word' id='word_1_147' title='bbox 1208 1822 1234 1876; x_wconf 79' lang='grc' dir='ltr'><strong><em>ἢ</em></strong></span> <span class='ocrx_word' id='word_1_148' title='bbox 1265 1822 1311 1864; x_wconf 86' lang='grc' dir='ltr'><em>ἐν</em></span> <span class='ocrx_word' id='word_1_149' title='bbox 1342 1825 1465 1880; x_wconf 74' lang='grc' dir='ltr'><em>λόγῳ.</em></span> 
     </span>
    </p>
   </div>
   <div class='ocr_carea' id='block_1_4' title="bbox 191 1924 467 1931">
    <p class='ocr_par' dir='ltr' id='par_1_8' title="bbox 191 1924 467 1931">
     <span class='ocr_line' id='line_1_18' title="bbox 191 1924 467 1931; baseline 0 0"><span class='ocrx_word' id='word_1_150' title='bbox 191 1924 467 1931; x_wconf 95' lang='lat' dir='ltr'><em> </em></span> 
     </span>
    </p>
   </div>
   <div class='ocr_carea' id='block_1_5' title="bbox 284 1978 476 2028">
    <p class='ocr_par' dir='ltr' id='par_1_9' title="bbox 284 1978 476 2028">
     <span class='ocr_line' id='line_1_19' title="bbox 284 1978 476 2028; baseline 0.01 -2"><span class='ocrx_word' id='word_1_151' title='bbox 284 1995 314 2027; x_wconf 88' lang='grc'><em>1.</em></span> <span class='ocrx_word' id='word_1_152' title='bbox 342 1991 418 2028; x_wconf 84' lang='lat' dir='ltr'><em>Om.</em></span> <span class='ocrx_word' id='word_1_153' title='bbox 440 1978 476 2028; x_wconf 14' lang='lat' dir='ltr'><em>Aa.</em></span> 
     </span>
    </p>
   </div>
   <div class='ocr_carea' id='block_1_6' title="bbox 189 2143 1518 2342">
    <p class='ocr_par' dir='ltr' id='par_1_10' title="bbox 189 2143 1518 2342">
     <span class='ocr_line' id='line_1_20' title="bbox 282 2143 1498 2203; baseline 0 -13"><span class='ocrx_word' id='word_1_154' title='bbox 282 2159 313 2190; x_wconf 87' lang='lat'><em>4.</em></span> <span class='ocrx_word' id='word_1_155' title='bbox 341 2143 454 2196; x_wconf 75' lang='grc' dir='ltr'><em>ἅλλῶς</em></span> <span class='ocrx_word' id='word_1_156' title='bbox 476 2155 516 2191; x_wconf 86' lang='grc' dir='ltr'><em>τὸ</em></span> <span class='ocrx_word' id='word_1_157' title='bbox 543 2156 618 2203; x_wconf 69' lang='grc' dir='ltr'><em>νθΊ</em></span> <span class='ocrx_word' id='word_1_158' title='bbox 643 2167 714 2201; x_wconf 89' lang='lat' dir='ltr'><em>mg.</em></span> <span class='ocrx_word' id='word_1_159' title='bbox 741 2168 786 2191; x_wconf 88' lang='lat' dir='ltr'><em>m.</em></span> <span class='ocrx_word' id='word_1_160' title='bbox 809 2161 826 2190; x_wconf 94' lang='lat'>1</span> <span class='ocrx_word' id='word_1_161' title='bbox 853 2154 947 2201; x_wconf 53' lang='lat' dir='ltr'><em>Van,</em></span> <span class='ocrx_word' id='word_1_162' title='bbox 972 2157 1013 2192; x_wconf 88' lang='grc' dir='ltr'><em>τὸ</em></span> <span class='ocrx_word' id='word_1_163' title='bbox 1039 2157 1097 2194; x_wconf 57' lang='grc' dir='ltr'><em>ιθ]</em></span> <span class='ocrx_word' id='word_1_164' title='bbox 1119 2168 1186 2192; x_wconf 93' lang='lat' dir='ltr'><em>om.</em></span> <span class='ocrx_word' id='word_1_165' title='bbox 1208 2168 1239 2191; x_wconf 92' lang='lat' dir='ltr'><em>v.</em></span> <span class='ocrx_word' id='word_1_166' title='bbox 1330 2158 1360 2190; x_wconf 85' lang='lat'><em>5.</em></span> <span class='ocrx_word' id='word_1_167' title='bbox 1387 2156 1498 2191; x_wconf 79' lang='grc' dir='ltr'><em>δυνα-</em></span> 
     </span>
     <span class='ocr_line' id='line_1_21' title="bbox 189 2201 1518 2250; baseline 0 -14"><span class='ocrx_word' id='word_1_168' title='bbox 189 2201 252 2236; x_wconf 87' lang='grc' dir='ltr'><em>τόν</em></span> <span class='ocrx_word' id='word_1_169' title='bbox 272 2222 315 2227; x_wconf 89' lang='grc'>-</span> <span class='ocrx_word' id='word_1_170' title='bbox 336 2201 463 2248; x_wconf 79' lang='grc' dir='ltr'><em>οὕτως]</em></span> <span class='ocrx_word' id='word_1_171' title='bbox 489 2213 556 2238; x_wconf 90' lang='lat' dir='ltr'><em>om.</em></span> <span class='ocrx_word' id='word_1_172' title='bbox 571 2203 695 2238; x_wconf 72' lang='lat' dir='ltr'><strong>Vafi.v.</strong></span> <span class='ocrx_word' id='word_1_173' title='bbox 783 2202 884 2250; x_wconf 82' lang='grc' dir='ltr'><em>ἔστω]</em></span> <span class='ocrx_word' id='word_1_174' title='bbox 912 2202 1005 2239; x_wconf 80' lang='grc' dir='ltr'><em>ἔστιν</em></span> <span class='ocrx_word' id='word_1_175' title='bbox 1030 2203 1067 2239; x_wconf 93' lang='lat' dir='ltr'><em>P.</em></span> <span class='ocrx_word' id='word_1_176' title='bbox 1151 2207 1179 2238; x_wconf 87' lang='grc'><em>7.</em></span> <span class='ocrx_word' id='word_1_177' title='bbox 1206 2201 1325 2250; x_wconf 61' lang='grc' dir='ltr'><em>μεῖζόν</em></span> <span class='ocrx_word' id='word_1_178' title='bbox 1345 2202 1439 2237; x_wconf 78' lang='grc' dir='ltr'><em>ἐστιν</em></span> <span class='ocrx_word' id='word_1_179' title='bbox 1458 2202 1496 2237; x_wconf 91' lang='grc' dir='ltr'><em>Ρ.</em></span> <span class='ocrx_word' id='word_1_180' title='bbox 1514 2205 1518 2210; x_wconf 94' lang='grc'><strong>’</strong></span> 
     </span>
     <span class='ocr_line' id='line_1_22' title="bbox 237 2242 1495 2297; baseline 0.002 -15"><span class='ocrx_word' id='word_1_181' title='bbox 237 2251 288 2283; x_wconf 89' lang='grc'><em>13.</em></span> <span class='ocrx_word' id='word_1_182' title='bbox 316 2242 378 2283; x_wconf 78' lang='grc' dir='ltr'><em>κοίί</em></span> <span class='ocrx_word' id='word_1_183' title='bbox 397 2269 440 2275; x_wconf 88' lang='grc'>-</span> <span class='ocrx_word' id='word_1_184' title='bbox 462 2252 514 2283; x_wconf 87' lang='grc'><em>14.</em></span> <span class='ocrx_word' id='word_1_185' title='bbox 541 2249 648 2297; x_wconf 73' lang='grc' dir='ltr'><em>λόγῳ]</em></span> <span class='ocrx_word' id='word_1_186' title='bbox 673 2260 745 2294; x_wconf 89' lang='lat' dir='ltr'><em>mg.</em></span> <span class='ocrx_word' id='word_1_187' title='bbox 765 2261 811 2284; x_wconf 88' lang='lat' dir='ltr'><em>m.</em></span> <span class='ocrx_word' id='word_1_188' title='bbox 832 2253 851 2284; x_wconf 80' lang='lat'>2</span> <span class='ocrx_word' id='word_1_189' title='bbox 871 2261 903 2284; x_wconf 79' lang='lat' dir='ltr'><em>V.</em></span> <span class='ocrx_word' id='word_1_190' title='bbox 976 2254 1038 2285; x_wconf 75' lang='lat'><em>,16.</em></span> <span class='ocrx_word' id='word_1_191' title='bbox 1066 2249 1158 2296; x_wconf 80' lang='grc' dir='ltr'><em>ἐστί]</em></span> <span class='ocrx_word' id='word_1_192' title='bbox 1185 2247 1279 2285; x_wconf 79' lang='grc' dir='ltr'><em>ἐστίν</em></span> <span class='ocrx_word' id='word_1_193' title='bbox 1303 2261 1335 2284; x_wconf 81' lang='lat' dir='ltr'><em>V.</em></span> <span class='ocrx_word' id='word_1_194' title='bbox 1408 2249 1495 2296; x_wconf 79' lang='grc' dir='ltr'><em>ἐστι]</em></span> 
     </span>
     <span class='ocr_line' id='line_1_23' title="bbox 191 2294 1493 2342; baseline 0.002 -13"><span class='ocrx_word' id='word_1_195' title='bbox 191 2294 285 2330; x_wconf 81' lang='grc' dir='ltr'><em>ἐστιν</em></span> <span class='ocrx_word' id='word_1_196' title='bbox 310 2306 342 2339; x_wconf 80' lang='lat' dir='ltr'><em>v,</em></span> <span class='ocrx_word' id='word_1_197' title='bbox 370 2295 442 2330; x_wconf 84' lang='lat' dir='ltr'>sed.</span> <span class='ocrx_word' id='word_1_198' title='bbox 470 2309 490 2330; x_wconf 83' lang='grc' dir='ltr'><em>ν</em></span> <span class='ocrx_word' id='word_1_199' title='bbox 516 2306 606 2331; x_wconf 80' lang='lat' dir='ltr'>eras.</span> <span class='ocrx_word' id='word_1_200' title='bbox 704 2299 755 2331; x_wconf 80' lang='lat'><em>17.</em></span> <span class='ocrx_word' id='word_1_201' title='bbox 783 2295 893 2342; x_wconf 81' lang='grc' dir='ltr'><em>ἐστιν]</em></span> <span class='ocrx_word' id='word_1_202' title='bbox 919 2307 987 2331; x_wconf 90' lang='lat' dir='ltr'><em>om.</em></span> <span class='ocrx_word' id='word_1_203' title='bbox 1013 2296 1108 2342; x_wconf 68' lang='lat' dir='ltr'><em>Vat„</em></span> <span class='ocrx_word' id='word_1_204' title='bbox 1141 2308 1255 2342; x_wconf 83' lang='lat' dir='ltr'><strong>comp.</strong></span> <span class='ocrx_word' id='word_1_205' title='bbox 1282 2297 1363 2332; x_wconf 78' lang='lat' dir='ltr'><strong>add.</strong></span> <span class='ocrx_word' id='word_1_206' title='bbox 1390 2308 1436 2332; x_wconf 93' lang='lat' dir='ltr'><em>m.</em></span> <span class='ocrx_word' id='word_1_207' title='bbox 1463 2302 1493 2332; x_wconf 80' lang='lat'><em>2.</em></span> 
     </span>
    </p>
   </div>
  </div>
 </body>
</html>
