1520 2508
41 847 139 877 ·10

95 1193 139 1225 15

95 1539 142 1572 20

1380 21 1394 39 ο
1449 0 1520 67 ᾖη

162 93 217 135 36
689 95 952 129 ΔΕΔΟΜΕΝΑ.
1466 65 1489 94 *³³

781 199 860 241 ιθ’.

246 281 344 322 Ἐὰν
374 277 400 336 ᾖ
431 283 528 334 τρία
558 279 738 334 μεγέθη,
774 279 846 322 καὶ
875 282 923 322 τὸ
959 278 1037 335 μὲν
1066 287 1238 336 πρῶτον
1273 287 1350 322 τοῦ
1380 281 1475 324 δευ-

162 351 289 405 τέρου
320 349 496 391 δοθέντι
527 352 669 404 μεῖζον
699 346 726 405 ᾖ
757 349 783 403 ἢ
815 349 861 391 ἐν
891 352 1023 407 λόγῳ,
1059 345 1087 405 ᾗ
1124 347 1171 391 δὲ
1200 349 1270 392 καὶ
1301 350 1348 392 τὸ
1379 350 1475 393 δεύ-

162 436 289 475 τερον
324 426 402 461 τοῦ
438 421 586 474 τρίτου
623 418 799 461 δοθέντι
829 421 971 473 μεῖζον
1007 418 1033 473 ἢ
1065 419 1112 460 ἐν
1142 421 1275 476 λόγῳ,
1316 418 1386 461 καὶ
1427 421 1473 462 τὸ

163 497 336 544 πρῶτον
366 495 443 530 τοῦ
474 491 622 544 τρίτου
655 488 830 530 δοθέντι
861 491 1003 543 μεῖζον
1033 480 1151 530 ἔστοιι
1181 487 1207 542 ἢ
1239 488 1285 530 ἐν
1316 490 1463 546 λόγω·

251 560 358 612 ἔστω
389 560 487 613 τρία
516 557 678 612 μεγέθη
705 558 760 599 τὰ
790 560 890 612 ΑΒ,
915 560 1005 612 ΓΔ,
1030 561 1080 611 Ε,
1111 556 1181 599 καὶ
1212 558 1260 599 τὸ
1290 555 1369 612 μὲν
1392 561 1475 600 ΑΒ

162 634 240 670 τοῦ
273 630 360 670 ΓΔ
387 626 564 669 δοθέντι
599 629 743 682 μεῖζον
779 629 885 669 ἔστω
921 627 948 681 ἢ
985 627 1031 669 ἐν
1062 629 1194 684 λόγῳ,
1236 628 1284 669 τὸ
1322 625 1370 668 δὲ
1401 629 1476 670 ΓΔ

163 704 242 739 τοῦ
267 701 308 739 Ε
337 696 514 739 δοθέντι
538 691 686 751 νμεῖζον
717 699 823 738 ἔστω
855 696 880 750 ἢ
912 696 959 738 ἐν
989 699 1114 754 λόγῳ.
1164 696 1286 750 λέγω,
1317 697 1382 738 ὅτι
1406 689 1479 740 καῖ

164 769 213 809 τὸ
245 770 330 808 ΑΒ
361 773 439 817 τοῦ
469 770 511 808 Ε
538 766 715 808 δοθέντι
745 768 887 820 μεῖζόν
919 766 1035 808 ἐστιν
1066 765 1092 820 ἢ
1123 765 1171 807 ἐν
1201 767 1327 822 λόγῳ.
1383 819 1386 822 ¹

252 835 341 879 ἐπεὶ
372 837 454 891 γὰρ
485 837 533 877 τὸ
566 837 644 877 ΓΔ
673 841 750 877 τοῦ
781 839 822 876 Ε
850 834 1027 877 δοθέντι
1057 837 1199 890 μεῖζόν
1230 835 1347 877 ἐστιν
1377 834 1402 888 ἢ
1433 835 1480 877 ἐν

164 908 292 963 λόγῳ,
320 905 563 961 ἀφῃρήσθω
588 907 636 947 τὸ
663 902 797 947 δοθὲν
820 904 1003 959 μέγεθος
1027 906 1075 946 τὸ
1096 907 1192 946 ΓΖ·
1218 908 1372 946 λοιποῦ
1397 905 1479 960 ἄρα

165 977 243 1017 τόῦ
277 978 355 1017 ΖΛ
390 975 498 1032 πρὸς
533 975 580 1016 τὸ
614 977 655 1016 Ε
689 976 815 1028 λόγος
851 973 939 1016 ἐστὶ
976 975 1134 1022 δοθείς.
1200 973 1361 1027 πάλιν,·
1392 971 1520 1016 ἐπεὶ.

164 1046 213 1086 τὸ
257 1046 342 1103 AB
385 1049 464 1084 τοῦ
507 1045 585 1084 ΓΔ
633 1042 810 1085 δοθέντι
857 1044 999 1097 μεῖζόν
1041 1042 1157 1084 ἐστιν
1199 1042 1225 1096 ἢ
1267 1043 1315 1084 ἐν
1354 1045 1478 1099 λόγῳ,

166 1114 409 1169 ἀφῃρήσθω
440 1114 488 1155 τὸ
520 1110 655 1154 δοθὲν
686 1112 867 1167 μέγεθος
897 1113 944 1154 τὸ
971 1115 1082 1153 ΛΗ·
1115 1115 1267 1154 λοιποῦ
1296 1113 1379 1167 ἄρα
1403 1117 1479 1154 τοῦ

166 1186 254 1225 ΗΒ
297 1184 405 1238 πρὸς
441 1183 488 1224 τὸ
522 1184 600 1224 ΓΔ
642 1170 768 1236 λόγος
805 1180 893 1224 ἐστὶ
930 1183 1089 1231 δοθείς.
1150 1182 1172 1224 ὁ
1207 1181 1336 1231 αὐτὸς
1366 1182 1479 1238 αὐτῷ

165 1247 376 1307 γεγονέτω
402 1253 479 1294 τὀῦ
501 1255 591 1294 ΗΘ
613 1253 722 1308 πρὸς
745 1253 792 1293 τὸ
814 1254 910 1293 ΓΖ·
941 1253 1069 1304 λόγος
1093 1252 1175 1306 ἄρα
1199 1250 1269 1293 καὶ
1293 1257 1369 1293 τοῦ
1388 1253 1481 1292 ΗΘ
1504 1277 1506 1282 -

165 1323 274 1378 πρὸς
303 1323 351 1363 τὸ
379 1323 457 1363 ΓΖ
489 1322 649 1370 δοθείς.
698 1318 833 1362 δοθὲν
865 1318 912 1362 δὲ
941 1322 989 1362 τὸ
1016 1322 1111 1362 ΓΖ·
1143 1318 1278 1362 δοθὲν
1305 1322 1387 1374 ἄρα
1411 1318 1504 1362 nal-2

165 1393 213 1434 τὸ
245 1394 348 1433 ΗΘ.
410 1392 498 1447 ἔστι
529 1388 577 1432 δὲ
606 1389 677 1431 καὶ
708 1391 755 1431 τὸ
786 1393 874 1431 ΗΑ
905 1389 1056 1431 δοθέν·
1086 1389 1158 1433 καὶ
1189 1381 1297 1431 ὅλον
1322 1391 1404 1444 ἄρα
1434 1390 1480 1432 τὸ

169 1464 249 1503 ΘΑ
285 1459 420 1502 δοθέν
451 1459 578 1501 ἐστιν.
638 1458 710 1500 καὶ
747 1458 836 1500 ἐπεὶ
873 1459 931 1508 ὡς
967 1460 1014 1501 τὸ
1045 1461 1134 1500 ΗΒ
1171 1460 1278 1514 πρὸς
1299 1459 1358 1500 ’τὸ
1391 1461 1487 1513 ΓΔ,

166 1531 304 1580 οὕτως
333 1530 381 1571 τὸ
413 1531 505 1570 ΗΘ
534 1530 641 1584 πρὸς
671 1530 718 1570 τὸ
746 1530 838 1582 ΓΖ,
869 1527 938 1587 καὶ
970 1532 1124 1570 λοιποῦ
1155 1534 1232 1570 τοῦ
1266 1530 1345 1570 ΘΒ
1376 1529 1503 1583 πρΐὸ9“

169 1601 322 1655 λοιπον
357 1600 405 1641 τὸ
438 1601 522 1640 ΖΔ
559 1598 684 1652 λόγος
721 1597 809 1640 ἐστὶ
847 1599 1005 1647 δοθείς.
1049 1604 1143 1639 Δτοῦ
1174 1595 1221 1639 δὲ
1253 1600 1338 1639 ΖΔ
1373 1598 1479 1653 πρὸς

166 1671 215 1712 τὸ
233 1671 287 1711 Ἐ
315 1671 444 1722 λόγος
472 1667 561 1710 ἐστὶ
592 1670 757 1717 δοθείς·
793 1667 864 1709 καὶ
895 1673 971 1709 τοῦ
1006 1670 1086 1709 ΘΒ
1117 1668 1200 1722 ἄρα
1229 1668 1337 1721 πρὸς
1366 1668 1414 1709 τὸ
1444 1669 1484 1708 Ε

167 1739 295 1793 λόγος
338 1737 427 1781 ἐστὶ
470 1739 630 1788 δοθείς.
695 1737 766 1779 καὶ
803 1734 938 1779 δοθὲν
973 1738 1021 1778 τὸ
1062 1739 1157 1778 ΘΛ·
1199 1737 1247 1778 τὸ
1279 1739 1364 1778 ΒΑ
1400 1737 1481 1792 ἄρα

167 1815 245 1850 τοῦ
275 1811 316 1850 Ε
343 1806 520 1850 δοθέντι
550 1808 692 1861 μεῖζόν
723 1806 839 1848 ἐστιν
869 1806 895 1860 ἢ
927 1805 973 1848 ἐν
998 1797 1123 1862 λόγῳ.

262 1915 293 1945 2.
320 1909 398 1962 καί]
424 1921 532 1954 supra
558 1920 672 1954 comp.
699 1909 783 1944 add.
809 1921 854 1943 m.
881 1912 901 1943 2
927 1920 960 1943 v.
1055 1911 1086 1942 3.
1112 1903 1140 1965 ᾗ
1162 1906 1202 1942 δέ
1229 1918 1296 1943 om.
1323 1910 1354 1953 β.
1443 1911 1497 1948 4..

169 1956 336 2002 δοθέντι]
362 1957 419 1991 b1s
445 1958 467 2002 β
492 1958 578 2001 (non
602 1958 648 2001 a).
743 1957 864 2000 μεῖζον
888 1950 911 2001 ᾖ
937 1954 960 1998 ἤ
985 1965 1017 1990 a.
1121 1968 1143 1999 η
1169 1954 1208 1989 ἐν
1233 1953 1340 2001 λόγῳ]
1367 1966 1434 1989 om.
1461 1954 1483 1999 β
1512 1972 1518 1979 -

170 2006 256 2048 (non
281 2007 328 2038 as.
449 2007 479 2037 7.
511 2003 590 2048 τοῦ]
615 2005 664 2049 τῷ
688 2013 720 2036 a.
840 2006 892 2036 12.
929 2001 1004 2047 ZA]
1034 2003 1060 2035 Ζ
1085 2012 1194 2045 supra
1219 2001 1303 2035 add.
1330 2013 1375 2035 m.
1404 2005 1420 2034 1
1447 2011 1479 2034 v.

215 2049 320 2095 λόγος
345 2049 416 2085 ἐστὶ
441 2049 569 2090 δοθεὶς
592 2049 683 2093 πρὸς
706 2048 746 2083 τὸ
767 2050 798 2083 Ε
823 2059 854 2082 a.
952 2050 1004 2082 14.
1030 2047 1069 2082 τό
1090 2047 1198 2092 (alt.)]
1224 2053 1288 2082 τοῦ
1314 2058 1346 2082 a.
1428 2049 1482 2082 16.

168 2124 233 2154 τοῦ
247 2119 341 2164 (pr.)]
362 2119 381 2154 ὁ
400 2124 464 2154 τοῦ
483 2129 545 2154 va.
626 2121 678 2153 ιτ.
699 2116 815 2153 δοθέν
828 2110 907 2163 (pin)
929 2138 971 2143 -
991 2119 1044 2151 18.
1066 2118 1157 2162 ΗΘ]
1184 2095 1299 2152 agaza,
1325 2116 1396 2160 ἄρα
1421 2115 1483 2151 και

142 2191 147 2197 ’
169 2189 210 2223 τὸ
239 2190 277 2223 H
283 2190 330 2224 &-
356 2174 473 2224 δῗθὲν
499 2186 538 2222 δὲ
563 2188 603 2222 τὸ
632 2190 697 2223 ΓΖ
722 2199 754 2222 v.
862 2189 914 2221 18.
943 2186 1036 2221 ἔστιν
1062 2198 1094 2221 v.
1200 2190 1253 2221 19.
1281 2186 1354 2220 ἐστι
1378 2184 1481 2220 codd.

215 2235 277 2270 καὶ
312 2234 389 2282 ἐπεζ
415 2255 457 2261 -
484 2238 538 2269 20.
570 2234 650 2279 ΓΖ]
684 2245 751 2269 om.
778 2244 809 2267 a.
928 2236 982 2267 24.
1015 2232 1095 2276 Seq.
1128 2233 1322 2267 demonstr.
1355 2231 1482 2274 altera,

171 2293 206 2317 u.
232 2292 313 2325 app.
