1520 2508
468 92 520 125 m
544 90 771 124 Encntms
795 89 936 125 DATA.
1295 86 1383 128 255

8 166 10 244 ἰ
33 186 450 233 demonstrationum
476 185 684 229 similium
708 184 835 228 nobis
860 184 1014 241 prosit,
1040 184 1263 239 maiusque
1289 198 1382 226 esse

8 258 282 314 *fucultatem
314 256 559 300 resoluendi
591 256 811 311 acquirere
852 271 982 312 quam
1014 255 1174 298 multas
1206 255 1383 297 demon-

8 325 10 334 *
33 328 264 374 ntrationes
294 327 644 384 propositionum
674 326 1005 382 particularium
1036 326 1209 368 habere.

44 427 49 436 --
118 399 266 454 itaque
310 413 408 441 cum
451 397 689 453 disputatio
734 397 785 439 de
829 398 948 440 dato
999 397 1053 439 ad
1098 411 1245 439 omnes
1290 395 1382 438 eius

6 467 199 528 “generis
237 469 486 524 disciplinas
524 468 646 510 utilis
691 467 749 509 sit
793 471 836 510 et
872 467 1059 510 multum
1097 467 1291 510 conferat
1329 467 1383 509 ad

6 525 240 596 ''analysim
270 539 426 583 merito
458 539 627 582 dicatur
657 538 808 581 referri
838 553 927 580 non
960 539 1012 580 ad
1038 554 1168 581 unam
1195 538 1384 593 discipli-

6 613 7 670 ]
33 620 149 668 fiam,
180 612 253 654 sed
284 612 338 653 ad
367 611 634 666 uniuersam,
672 625 803 665 quam
835 609 983 652 dicunt
990 644 1002 665 ,
1033 609 1381 652 mathematicen.

6 674 8 699 ³
31 677 136 726 haec
167 685 313 725 autem
345 685 411 724 est
443 697 493 724 ea
524 681 766 737 disciplina,
797 695 906 736 quae
938 681 1053 723 circa
1077 680 1381 722 multitudines

6 749 8 755 ’
30 756 100 803 ‘ost
130 756 173 795 et
197 753 518 809 magnitudines
551 755 594 795 et
618 755 816 807 tempora
842 755 886 794 et
913 751 1156 794 celeritates
1188 754 1231 793 et
1257 766 1383 806 quae-

6 811 210 879 Jt'mmque
253 827 354 866 sunt
392 824 484 866 eius
523 823 711 880 generis,
751 823 1111 879 quemadmodum
1150 822 1284 864 etiam
1320 837 1383 879 ea,

29 908 139 953 quae
182 894 295 938 circa
331 895 521 936 rationes
566 897 610 936 et
647 893 952 949 proportiones
997 896 1041 935 et
1079 907 1205 935 omne
1245 907 1380 950 genus

32 965 310 1009 medietatum
339 967 550 1007 uersatur.
601 965 655 1006 ad
684 965 796 1006 hanc
826 963 964 1021 igitur
997 963 1201 1006 scientiae
1234 965 1378 1007 dato-

5 1022 136 1088 ffrum
174 1036 619 1092 comprehensionem,
663 1050 772 1091 quae
817 1034 990 1090 quidem
1030 1034 1264 1077 utilissima
1302 1038 1381 1091 est,

5 1095 286 1165 {jutorum
340 1107 501 1149 librum
557 1106 800 1149 elaborauit
849 1106 1072 1161 Euclides,
1128 1121 1255 1161 quem
1310 1106 1380 1148 uel

6 1235 7 1238 Ἴ
31 1171 201 1237 proprie
233 1178 546 1220 elementorum
584 1178 842 1233 scriptorem
872 1177 1231 1233 nominauerunt3
1275 1192 1378 1219 nam

5 1240 170 1309 Jssmnis
202 1249 290 1291 fere
323 1249 574 1305 disciplinae
601 1248 934 1291 mathematicae
962 1248 1174 1290 elementa
1206 1251 1249 1290 et
1274 1251 1381 1290 tam-

26 1329 159 1378 'ffliam
187 1319 487 1362 institutiones
518 1319 766 1376 proposuit,
794 1318 917 1361 uelut
948 1319 1084 1361 totius
1118 1319 1380 1375 geometriae

26 1378 152 1438 {bris
188 1390 276 1432 illis
314 1390 520 1432 tredecim
558 1393 602 1432 et
640 1390 931 1432 astronomiae
968 1390 1015 1431 in
1045 1389 1381 1446 Phaenomenis;

6 1511 7 1514 Ἴ
27 1447 166 1517 {leque
185 1461 328 1503 minus
351 1460 537 1504 musices
557 1464 600 1504 et
620 1460 786 1516 optices
807 1461 1020 1503 elementa
1038 1460 1228 1515 tradidit,
1249 1464 1379 1516 atque

6 1519 162 1584 &tiam
191 1532 274 1575 hoc
305 1532 418 1574 libro
456 1532 594 1574 totius
633 1533 683 1574 de
721 1533 839 1574 dato
878 1531 1130 1588 disciplinae
1168 1532 1382 1574 elementa

5 1594 306 1659 ,ibsolutionis
344 1602 419 1656 uia
453 1603 708 1658 composuit.
772 1603 846 1658 qui
884 1618 982 1645 cum
1020 1606 1135 1645 esset
1166 1602 1380 1658 imprimis

0 1659 268 1733 deomena,
311 1688 559 1716 communes
597 1673 721 1716 dati
741 1674 931 1716 rationes
970 1674 1025 1715 ad
1056 1674 1379 1730 magnitudines

0 1735 201 1804 :firoprie
233 1744 600 1801 adcommodauit,
631 1759 760 1800 quam
791 1744 910 1787 uiam
944 1748 1117 1787 secutus
1150 1748 1216 1786 est
1248 1745 1381 1787 etiam

26 1810 78 1867 «¹211
114 1815 385 1870 generalibus
423 1814 667 1858 rationibus
710 1815 758 1857 in
794 1815 1169 1872 magnitudinibus
1207 1815 1380 1870 proprie

6 1939 7 1942 Ἴ
33 1886 101 1927 ‘ias
154 1888 424 1940 pertractans
473 1885 518 1927 in
571 1885 723 1940 quinto
778 1885 1009 1941 planorum
1066 1886 1379 1928 elementorum

0 1952 8 1997 έ
29 1946 151 2002 libro.

4 2008 54 2088 ’ἔξ
117 2026 316 2069 uniuerse
347 2026 484 2084 igitur
514 2026 679 2069 dictum
711 2029 788 2082 est,
820 2026 994 2068 datum
1026 2026 1129 2081 quid
1160 2026 1218 2069 sit
1249 2030 1293 2069 et
1325 2028 1378 2070 ad

0 2108 7 2139 Ε
34 2107 59 2132 ¹³,

44 2188 56 2220 ζ
80 2178 132 2212 10.
159 2177 302 2224 πλήθη]
328 2177 467 2222 πλήθει
490 2177 576 2213 Vat.
665 2181 720 2212 11.
747 2176 793 2211 τὰ
818 2177 989 2223 τοιαῦτα]
1014 2183 1132 2213 ταῦτα
1156 2178 1242 2214 Vat.
1321 2182 1376 2214 15.

33 2218 266 2271 ἐξεπόνησεν]
301 2224 542 2270 ἐξεπενόησεν
567 2225 738 2268 PVat.v;
772 2235 862 2260 corr,
888 2224 974 2259 Vat.
1001 2236 1048 2260 m.
1077 2229 1109 2261 2.
1231 2229 1286 2262 20.
1315 2226 1378 2273 δή]

33 2269 123 2316 μηδέ
147 2283 180 2307 v.
301 2276 357 2308 21.
389 2277 454 2317 τῆς
477 2270 584 2318 περί]
611 2272 696 2316 περὶ
720 2277 785 2317 τῆς
809 2272 855 2315 Ρς
884 2277 950 2317 τῆς
975 2282 1044 2308 om.
1071 2284 1105 2308 v.
1229 2276 1283 2310 25.
1312 2273 1378 2319 ἐφ-

0 2285 8 2362 i
32 2314 196 2370 ᾔρμωσεν
221 2319 306 2355 Vat.
405 2322 460 2354 27.
487 2317 655 2367 πέμπτῳ]
681 2319 726 2354 θ’
748 2319 794 2363 Ρ;
820 2320 910 2355 mut.
938 2318 978 2353 in
1004 2319 1035 2354 ε’
1062 2331 1109 2356 m.
1138 2323 1168 2356 1.
