1520 2508
174 133 259 175 222
349 113 356 118 ’
716 135 963 170 APPENDIX.

260 226 349 269 ἐπεὶ
380 228 462 282 γὰρ
494 229 542 269 τὸ
572 227 654 270 ἀπὸ
679 234 754 282 τῆς
778 231 863 270 ΑΒ
895 234 972 270 τοῦ
998 228 1080 271 ἀπὸ
1105 235 1181 284 τῆς
1204 233 1294 272 ΒΓ
1318 230 1476 274 δοθέντ
1498 232 1509 249 ’·

171 298 316 350 μεῖζόν
342 296 472 350 ἐστιν,
498 296 744 352 ἀφῃρήσθω
769 298 818 339 τὸ
844 295 979 340 δοθὲν
1004 299 1051 340 τὸ
1074 298 1159 340 ὑπὸ
1178 307 1265 341 τῶν
1284 303 1384 355 AB,
1397 293 1502 355 BA}

170 366 324 406 λοιπὸν
361 366 445 421 ἄρα
481 367 529 407 τὸ
565 366 650 408 ὑπὸ
686 373 774 408 τῶν
804 369 905 421 BA,
929 371 1014 409 AA
1057 371 1154 410 ἴσον
1190 367 1279 410 ἐστὶ
1315 375 1374 426 τῷ
1411 350 1501 436 dach}

169 440 245 488 τῆς
274 437 368 476 ΒΓ.
428 434 501 476 καὶ
538 434 629 477 ἐπεὶ
665 435 802 478 δοθέν
832 436 921 478 ἐστι
957 438 1005 478 τὸ
1036 437 1120 479 ὑπὸ
1151 444 1239 479 τῶν
1269 441 1374 493 ΑΒ,
1400 425 1500 512 1313}

123 510 144 542 5
170 505 260 545 ἔστι
297 502 346 545 δὲ
381 503 454 545 καὶ
489 505 538 546 τὸ
574 505 659 546 ὑπὸ
691 512 779 547 τῶν
808 509 914 560 ΑΒ,
940 509 1021 547 BA
1057 505 1212 561 δοθέν,
1254 509 1382 560 λόγος
1411 496 1514 564 ἄραξ’»

167 579 246 614 τοῦ
282 573 368 615 ὑπὸ
405 580 493 615 τῶν
527 577 634 628 ΑΒ,
666 577 747 616 BA
788 576 896 630 πρὸς
938 576 986 616 τὸ
1028 575 1113 617 ὑπὸ
1150 582 1238 617 τῶν
1275 580 1381 631 ΑΒ,
1413 575 1511 630 BP]

169 643 330 692 &offella
390 645 467 684 καί
495 642 626 697 ἐστιν,
657 644 715 693 ὡς
745 645 793 685 τὸ
826 644 911 686 ὑπὸ
942 651 1030 686 τῶν
1060 648 1165 699 ΑΒ,
1191 648 1272 686 BA
1307 647 1415 701 πρὸς
1444 647 1509 693 τὸ

166 711 251 753 ὑπὸ
282 718 371 753 τῶν
401 715 502 767 AB,
526 715 620 767 ΒΓ,
652 713 790 762 οὕτως
820 713 846 767 ἡ
870 717 959 755 ΔΒ
988 715 1096 769 πρὸς
1120 676 1223 755 ΒΓ·
1255 716 1382 768 λόγος
1410 716 1512 770 ἄραξ’

165 779 239 822 καὶ
268 787 344 835 τῆς
370 784 456 822 AB
486 783 595 838 πρὸς
620 784 706 823 ΒΓ
731 782 896 831 §offae-9
928 784 1055 836 λόγος
1085 784 1168 838 ἄρα
1198 782 1270 825 καὶ
1300 789 1377 825 τοῦ
1409 783 1514 853 ἀπὸζ

96 855 140 888 10
164 855 240 904 τῆς
275 854 363 892 AB
405 851 514 906 πρὸς
555 852 603 893 τὸ
641 850 724 893 ἀπὸ
761 857 836 906 τῆς
871 854 959 893 ΒΓ
995 853 1155 901 ὃοθείς.
1227 859 1285 909 τῷ
1324 851 1372 894 δε
1409 839 1515 923 οἰπὸῑξγ

164 925 240 973 τῆς
266 922 345 961 ΓΒ
377 923 475 962 ἴσον
504 921 552 962 τὸ
577 920 662 962 ὑπὸ
687 927 775 962 τῶν
802 923 897 975 ΒΑ,
922 925 1024 962 ΛΔ·
1056 923 1225 975 λόγος’
1208 923 1292 977 ἄρα
1316 921 1388 964 καὶ
1412 916 1515 1014 tofi}

167 989 253 1031 ὑπὸ
284 996 372 1031 τῶν
402 993 503 1044 ΒΑ,
527 993 615 1032 AA
652 991 760 1046 πρὸς
795 991 843 1032 τὸ
875 990 957 1032 ἀπὸ
988 997 1063 1045 τῆς
1092 994 1180 1033 AB
1212 993 1376 1040 δοθείς·
1419 969 1516 1052 mxl}

165 1063 244 1099 τοῦ
275 1059 470 1115 τετράκις
500 1060 584 1115 ἄρα
613 1060 699 1101 ὑπὸ
729 1066 817 1101 τῶν
840 1063 934 1113 BA,
953 1064 1038 1102 AA
1068 1061 1172 1115 μετὰ
1202 1066 1280 1102 τοῦ
1308 1060 1392 1102 ἀπὸ
1416 1060 1514 1125 τῆςξξ

129 1155 140 1164 -
165 1130 254 1169 AB
296 1129 405 1184 πρὸς
446 1129 494 1170 τὸ
533 1128 615 1170 ἀπὸ
652 1135 728 1183 τῆς
763 1131 846 1170 BA
889 1131 1017 1182 λόγος
1059 1130 1219 1179 δοθείς.
1292 1129 1400 1171 ἀλλὰ
1441 1126 1514 1218 rb}

64 1202 137 1236 ‘15
162 1197 357 1253 τετράκις
398 1197 483 1239 ὑπὸ
526 1205 614 1239 τῶν
655 1201 755 1252 ΒΛ,
786 1202 872 1239 ΛΔ
914 1199 1018 1253 μετὰ
1060 1205 1138 1240 τοῦ
1181 1199 1264 1241 ἀπὸ
1298 1205 1374 1253 τῆς
1409 1202 1515 1286 BA}

161 1267 210 1308 τὸ
242 1266 325 1308 ἀπὸ
357 1265 691 1323 συναμφοτέρου
721 1273 797 1321 τῆς
826 1270 925 1322 ΒΛ,
951 1272 1038 1309 AA
1069 1268 1201 1310 ἐστιν·
1245 1270 1372 1322 λόγος
1406 1269 1513 1324 ἄρα

160 1334 233 1377 καὶ
263 1341 341 1377 τοῦ
373 1336 456 1378 ἀπὸ
487 1335 821 1393 συναμφοτέρου
851 1342 927 1391 τῆς
953 1340 1047 1391 BA,
1071 1341 1158 1379 AA
1187 1338 1296 1393 πρὸς
1325 1339 1373 1379 τὸ
1404 1327 1511 1381 ἀπὸ]Ξ

159 1411 236 1459 τῆς
278 1408 364 1446 ΔΒ
408 1406 575 1455 δοθείς·
623 1408 752 1459 λόγος
794 1407 878 1463 ἄρα
919 1405 992 1448 καὶ
1035 1406 1367 1462 συναμφοτέρου
1410 1402 1506 1461 τῆς

159 1476 254 1528 BA,
273 1478 360 1516 AA
383 1476 493 1531 πρὸς
517 1478 603 1517 ΔΒ
629 1476 790 1525 ὃοθείς.
826 1475 899 1517 καὶ
918 1474 1127 1518 συνθέντι
1152 1475 1513 1532 συναμφοτέρου

90 1549 135 1582 20
159 1548 235 1597 τῆς
270 1546 370 1598 BA,
400 1548 486 1586 AA
527 1546 632 1599 μετὰ
667 1551 744 1599 τῆς
776 1548 884 1599 AB,
927 1544 1122 1587 τουτέστι
1159 1546 1239 1587 δύο
1275 1552 1363 1587 τῶν
1398 1531 1520 1606 AB}

81 1630 86 1636 ⁴
157 1613 267 1668 πρὸς
303 1615 386 1654 BA
422 1615 550 1667 λόγος
588 1612 677 1656 ἐστὶ
715 1614 880 1664 &osted-g
923 1613 995 1656 καὶ
1032 1620 1107 1668 τῆς
1136 1617 1222 1656 ΑΒ
1259 1616 1342 1670 ἄρα
1377 1604 1520 1676 πρὸςζῖζ

157 1685 241 1724 BA
282 1684 410 1736 λόγος
452 1681 542 1725 ἐστὶ
585 1683 745 1732 δοθεις.
817 1689 892 1737 τῆς
929 1681 977 1724 δὲ
1013 1686 1099 1724 AB
1141 1684 1250 1739 πρὸς
1284 1685 1365 1737 τὴν
1403 1684 1520 1742 BF]

158 1753 287 1805 λόγος
324 1750 414 1794 ἐστὶ
452 1753 619 1802 δοθείς·
661 1751 733 1794 καὶ
763 1758 839 1806 τῆς
868 1755 953 1794 ΑΒ
991 1753 1074 1808 ἄρα
1103 1753 1211 1808 πρὸς
1240 1755 1329 1794 ΒΓ
1358 1754 1506 1811 λόγος
1518 1762 1520 1795 1

158 1822 319 1871 δοθείς.
367 1820 439 1863 καὶ
470 1820 561 1864 ἐπεὶ
591 1823 720 1875 λόγος
749 1827 824 1876 τῆς
854 1824 939 1863 AB
969 1823 1078 1877 πρὸς
1107 1824 1188 1862 BA
1219 1822 1381 1876 ὃοθείς,
1411 1822 1512 1866 καί

88 1897 132 1929 25
158 1890 290 1944 ἐστιν,
321 1891 380 1940 ὡς
403 1890 430 1944 ἡ
450 1894 536 1932 ΑΒ
560 1892 668 1948 πρὸς
693 1894 788 1945 ΒΔ,
819 1891 956 1940 οὕτως
986 1892 1034 1932 τὸ
1059 1890 1142 1932 ἀπὸ
1167 1896 1242 1945 τῆς
1260 1894 1345 1932 AB
1374 1891 1513 1946 πρὸς

157 1961 206 2002 τὸ
236 1960 322 2002 ὑπὸ
353 1967 441 2002 τῶν
465 1963 564 2015 ΑΒ,
583 1963 681 2015 BA,
712 1962 839 2014 λόγος
869 1961 952 2016 ἄρα
982 1958 1055 2002 καὶ
1084 1965 1162 2002 τοῦ
1188 1959 1271 2002 ἀπὸ
1295 1966 1371 2014 τῆς
1394 1955 1505 2013 AB?

75 2079 82 2086 ⁸
156 2030 266 2085 πρὸς
295 2030 344 2071 τὸ
374 2029 459 2071 ὑπὸ
490 2036 579 2071 τῶν
609 2032 710 2084 ΑΒ,
735 2032 818 2071 BA
849 2030 1009 2079 δοθείς.
1070 2026 1205 2070 δοθὲν
1236 2026 1284 2070 δὲ
1316 2029 1365 2070 τὸ
1395 2027 1513 2070 ὑπὸ

157 2105 245 2140 τῶν
270 2102 312 2140 Α
320 2101 371 2153 Β,
396 2101 495 2140 BA·
528 2099 666 2149 οὕτως
695 2099 777 2155 γὰρ
810 2096 946 2140 δοθὲν
971 2097 1204 2154 ἀφῄρηται·
1236 2095 1371 2140 δοθὲν
1396 2098 1480 2154 ἄρα
1501 2114 1511 2162 s

249 2274 280 2305 2.
305 2269 396 2305 Post
419 2268 537 2305 δοθέν
562 2270 646 2305 add.
672 2270 735 2305 καὶ
762 2269 848 2305 ἔστω
873 2269 985 2316 Vat.2.
1081 2272 1112 2304 3.
1138 2271 1186 2315 τῷ
1227 2269 1268 2304 τό
1293 2269 1332 2304 Ρ.
1423 2271 1494 2304 10.-

155 2316 218 2362 τῷ]
249 2315 290 2351 τό
318 2316 357 2352 Ρ.
472 2320 525 2351 12.
557 2316 646 2363 ἀπό]
678 2316 750 2352 ὑπό
780 2316 892 2362 Vatq.
1002 2318 1055 2350 14.
1089 2315 1162 2350 ἐστὶ
1210 2313 1314 2356 οθείς
1344 2314 1502 2360 Vat.1‚2.>
