1520 2508
61 72 63 74 ’
89 92 172 134 148
613 93 883 128 ΔΕΔΟΜΕΝΑ,

86 186 115 242 ἡ
146 187 231 229 ὑπὸ
263 194 351 228 τῶν
382 189 508 228 ΒΔΑ
541 187 740 228 δοθεῖσα·
776 185 848 228 καὶ
879 188 1006 241 λοιπὴ
1039 188 1123 242 ἄρα
1153 186 1179 240 ἡ
1210 186 1295 229 ὑπὸ
1327 194 1414 229 τῶν

90 259 216 298 ΒΑΔ
252 256 340 298 ἐστι
378 256 577 297 δοθεῖσα·
622 254 794 297 δέδοται
830 257 914 312 ἄρα
950 256 998 298 τὸ
1035 258 1166 298 ΑΒΔ
1201 258 1414 311 τρίγωνον
1455 261 1517 299 J

89 331 149 382 τῷ
181 326 303 367 εἴδει·
347 326 475 378 λόγος
511 325 595 379 ἄρα
632 323 721 366 ἐστὶ
757 330 832 378 τῆς
861 327 943 366 BA
978 326 1087 380 πρὸς
1116 326 1196 379 τὴν
1227 329 1312 367 ΑΔ
1343 326 1414 367 δο-
1461 324 1466 361 ἶ

86 396 194 443 θείς.
260 400 336 448 τῆς
373 391 420 435 δὲ
459 396 544 441 ΑΒ
581 394 689 448 πρὸς
724 395 804 448 τὴν
840 396 928 436 ΒΓ
957 396 1085 447 λόγος
1121 393 1209 436 ἐστὶ
1248 395 1413 444 δοθείς·
1492 395 1513 446 ,ξ

43 472 64 502 5
90 462 162 505 καὶ
193 469 268 517 τῆς
299 467 384 504 ΑΔ
415 464 499 518 ἄρα
529 464 636 519 πρὸς
666 464 746 517 τὴν
775 465 864 505 ΒΓ
888 465 1016 516 λόγος
1047 462 1136 505 ἐστὶ
1167 464 1327 513 δοθείς.
1465 458 1468 459 ’
1495 466 1498 467 ’

713 589 786 640 οζ’.

173 670 272 713 Ἐὰν
297 672 378 713 δύο
403 671 496 724 εἴδη
523 669 731 725 δεδομένα
755 677 814 722 τῷ
835 671 940 712 εἴδει
968 672 1076 726 πρὸς
1101 672 1264 724 ἄλληλα
1284 672 1415 724 λόγον

90 743 162 796 ἔχῃ
189 739 437 795 δεδομένον,
461 738 532 782 καὶ
552 742 628 795 μία
647 741 811 796 πλευρὰ
830 740 1040 782 ὁποιαοῦν
1059 738 1155 789 ἑνὸς
1180 747 1267 782 τῶν
1286 741 1416 782 εἰδῶν
1499 729 1515 763 ³³³

90 810 199 866 πρὸς
229 809 467 852 ὁποιανοῦν
497 816 585 851 τῶν
615 815 692 851 τοῦ
724 808 871 864 ἐτέρου
904 811 1035 862 λόγον
1059 808 1142 859 ἕξει
1170 808 1415 863 δεδομένον.
1470 803 1472 808 ’

23 886 67 918 10
180 880 260 921 δύο
299 880 380 934 γὰρ
419 879 512 932 εἴδη
549 879 601 920 τὰ
632 881 775 933 ΑΒΓ,
805 882 936 920 ΔΕΖ
974 877 1185 932 δεδομένα
1220 884 1279 935 τῷ
1312 879 1416 920 εἴδει
1475 931 1476 934 ¹

90 950 198 1004 πρὸς
235 949 398 1001 ἄλληλα
434 949 566 1000 λόγον
603 946 729 1001 ἐχέτω
767 947 1020 1002 δεδομένον·
1071 947 1200 1002 λέγω,
1243 947 1308 989 ὅτι
1345 945 1417 988 καὶ
1474 955 1475 958 ’

91 1021 167 1072 μία
202 1017 367 1073 πλευρὰ
405 1017 616 1059 ὁποιαοῦν
657 1022 735 1058 τοῦ
773 1019 910 1058 ΑΒΓ
940 1018 1048 1071 πρὸς
1083 1019 1187 1071 μίαν
1224 1017 1416 1071 πλευρὰν
1477 1057 1480 1060 ,

92 1088 331 1130 ὁποιανοῦν
362 1091 441 1128 τοῦ
473 1089 606 1128 ΔΕΖ
637 1087 769 1139 λόγον
800 1087 884 1140 ἔχει
916 1085 1162 1140 δεδομένον.
1479 1121 1493 1142 a

68 1209 71 1212 r
180 1155 502 1211 ἀναγεγράφθω
547 1156 629 1211 γὰρ
670 1154 753 1196 ἀπὸ
790 1162 877 1196 τῶν
913 1157 1014 1209 ΒΓ,
1045 1158 1128 1196 ΕΖ
1172 1155 1417 1210 τετράγωνα
1478 1194 1491 1210 „4

23 1231 67 1263 15
93 1226 144 1267 τὰ
181 1228 290 1279 ΒΗ,
321 1227 418 1267 ΕΘ.
485 1223 575 1266 ἐπεὶ
611 1224 695 1266 ἀπὸ
733 1230 808 1278 τῆς
843 1224 975 1278 αὐτῆς
1011 1224 1185 1273 εὐθείας
1226 1230 1302 1278 τῆς
1336 1226 1425 1266 ΒΓ

91 1295 172 1336 δύο
204 1295 296 1348 εἴδη
329 1292 667 1349 ἀναγέγραπται,
703 1293 730 1335 ἃ
762 1295 930 1347 ἔτυχεν,
971 1292 1179 1347 δεδομένα
1215 1299 1274 1350 τῷ
1313 1294 1417 1334 εἴδει
1483 1306 1486 1308 ’

91 1364 144 1405 τὰ
175 1365 317 1416 ΑΒΓ,
342 1365 447 1418 ΒΗ,
479 1365 606 1416 λόγος
636 1363 719 1418 ἄρα
750 1368 828 1404 τοῦ
854 1365 992 1404 ΑΒΓ
1015 1363 1122 1418 πρὸς
1151 1363 1200 1404 τὸ
1226 1365 1322 1403 ΒΗ
1346 1363 1417 1403 δο-
1511 1405 1516 1414 Α,

91 1434 198 1482 θείς.
266 1433 339 1474 διὰ
375 1433 428 1473 τὰ
466 1431 576 1473 αὐτὰ
607 1433 660 1486 δὴ
692 1432 823 1474 πάλιν
843 1430 925 1473 καὶ
956 1438 1034 1473 τοῦ
1064 1435 1195 1473 ΔΕΖ
1232 1433 1340 1487 πρὸς
1369 1432 1417 1473 τὸ
1496 1468 1520 1474 ,.

93 1504 178 1543 ΕΘ
208 1503 336 1555 λόγος
361 1499 450 1542 ἐστὶ
476 1501 636 1550 δοθείς.
686 1499 776 1542 ἐπεὶ
808 1498 888 1544 οὖν
921 1503 1048 1554 λόγος
1073 1500 1162 1542 ἐστὶ
1186 1507 1264 1542 τοῦ
1289 1502 1425 1542 ΑΒΓ
1496 1515 1520 1523 ··

20 1576 68 1608 20
92 1571 201 1626 πρὸς
230 1571 278 1612 τὸ
309 1573 442 1612 ΔΕΖ
481 1570 648 1624 δοθείς,
692 1570 800 1612 ἀλλὰ
836 1576 914 1612 τοῦ
951 1568 1030 1624 μὲν
1061 1573 1198 1612 ΑΒΓ
1226 1571 1333 1626 πρὸς
1368 1570 1416 1611 τὸ
1496 1560 1520 1639 ὲ

93 1642 190 1680 ΒΗ
226 1641 353 1692 λόγος
393 1637 482 1680 ἐστὶ
520 1640 687 1693 δοθείς,
730 1645 808 1680 τοῦ
848 1637 895 1680 δὲ
932 1642 1063 1681 ΔΕΖ
1104 1640 1213 1695 πρὸς
1248 1640 1296 1681 τὸ
1332 1641 1418 1680 ΕΘ
1500 1630 1516 1679 ιἱῑ

93 1709 222 1761 λόγος
246 1706 336 1749 ἐστὶ
361 1708 523 1762 δοθείς,
553 1707 625 1750 καὶ
649 1714 728 1750 τοῦ
753 1711 845 1749 ΒΗ
875 1709 957 1763 ἄρα
982 1709 1091 1763 πρὸς
1114 1710 1162 1750 τὸ
1181 1711 1267 1750 ΕΘ
1291 1710 1417 1761 λόγος

94 1776 184 1819 ἐστὶ
220 1778 388 1826 δοθείς·
431 1778 540 1819 ὥστε
575 1776 646 1819 καὶ
683 1783 757 1831 τῆς
794 1780 882 1818 ΒΓ
915 1778 1023 1831 πρὸς
1059 1779 1138 1831 τὴν
1172 1780 1255 1819 ΕΖ
1291 1779 1417 1830 λόγος

1043 2043 1074 2074 4.
1106 2039 1197 2083 πρὸς
1225 2039 1292 2084 τὴν
1323 2039 1414 2085 ΒΓ]

95 2096 164 2120 om.
190 2085 274 2120 vat.
383 2086 472 2120 Posiz
505 2085 634 2126 δοθείς
664 2086 747 2122 add.
774 2084 922 2121 δέδοται
949 2085 1021 2129 ἄρα
1046 2086 1086 2120 τὸ
1111 2087 1220 2120 ΑΒΓ
1238 2082 1416 2130 τρίγωνον

93 2135 142 2178 τῷ
168 2131 259 2166 εἴδει
283 2132 318 2166 b.
416 2136 447 2167 5.
474 2133 552 2178 τῆς]
578 2137 642 2167 τοῦ
667 2132 701 2167 b.
800 2135 828 2167 7.
855 2135 904 2179 τῷ
931 2131 1036 2178 εἴδει]
1063 2143 1130 2166 om.
1157 2131 1195 2166 P.
1277 2135 1308 2166 8.
1337 2131 1398 2178 ἔχῃ

96 2188 184 2212 corr.
212 2188 256 2212 ex
282 2177 354 2224 ἔχει
379 2189 412 2212 v.
528 2182 559 2213 9.
586 2179 673 2225 τῶν]
699 2189 767 2213 om.
794 2178 877 2212 Vat.
989 2182 1042 2212 12.
1069 2180 1165 2212 ΑΒΓ
1185 2198 1229 2203 -
1256 2180 1309 2212 13.
1334 2183 1398 2212 τοῦ

96 2234 164 2258 om.
190 2223 225 2258 b.
324 2227 378 2259 14.
403 2225 491 2270 τῶν]
517 2230 580 2269 τῆς
603 2225 638 2260 b.
745 2228 797 2259 16.
827 2223 926 2269 ἔτυχε
952 2224 1109 2258 Vat.vb.
1208 2226 1260 2258 18.
1287 2221 1398 2258 πάλιν

96 2280 164 2304 om.
191 2269 225 2304 b.
322 2273 376 2305 20.
403 2270 572 2316 τό(α1ὺ.)]
599 2282 667 2306 om.
693 2270 727 2305 b.

1503 1694 1520 1714 ’ζῖ

95 1845 183 1888 ἐστὶ
214 1847 373 1895 δοθείς.

191 1997 222 2030 1.
248 1999 321 2030 τῶν
341 1994 578 2039 (utrumque)]
603 1999 667 2039 τῆς
691 1994 725 2028 b.
822 1995 929 2040 BAA]
956 1997 1048 2028 ΒΑΔ
1072 1993 1106 2028 b.
1205 1996 1236 2028 2.
1263 1993 1358 2029 ἐστιν
1382 2005 1415 2029 v.
1499 1839 1520 2209 ἱ

141 2037 320 2084 τρίγωνον
369 2051 485 2085 comp.
519 2051 629 2085 supra
661 2051 726 2074 sor.
758 2051 803 2075 m.
833 2044 850 2074 1
883 2051 915 2075 v.
