1520 2508
158 82 214 124 18
452 110 456 114 .
604 107 607 110 -
678 62 951 122 ’ΔΕΔΟΜΕΝΑ

157 178 206 219 τὸ
237 180 330 219 ΑΓ
354 183 432 219 τοῦ
462 178 598 220 αὐτοῦ
623 185 701 220 τοῦ
732 182 812 221 ΓΒ
844 181 1022 223 δοθέντι
1050 185 1194 236 μεῖζόν
1225 183 1341 227 ἐστιν
1371 185 1397 240 ἢ
1427 164 1485 234 ἐῶ

153 248 283 304 λόγῳ.
356 284 359 288 .
500 277 502 279 -
1480 282 1492 306 ·,

248 315 338 358 ἐπεὶ
370 317 452 372 γὰρ
490 318 538 359 τὸ
568 320 654 359 AB
691 324 770 360 τοῦ
799 321 888 361 ΒΓ
917 319 1094 362 δοθέντι
1130 324 1273 376 μειζόν
1303 308 1419 367 ἐστιν
1447 325 1491 380 ἦ
1518 351 1520 357 =

163 385 212 428 ἐν
242 388 370 442 λόγῳ,
402 385 646 442 ἀφῃρήσθω
672 389 720 429 τὸ
745 386 881 431 δοθὲν
903 390 1087 444 μέγεθος
1111 392 1158 433 τὸ
1183 395 1290 434 ΛΔ
1322 393 1480 437 λοίποῦ·
1510 423 1517 440 2-

108 465 132 496 5
156 456 241 509 ἄρα
271 461 348 496 τοῦ
372 458 459 497 ΛΒ
490 457 598 512 πρὸς
628 458 676 499 τὸ
701 460 790 499 ΒΓ
813 460 940 512 λόγος
965 458 1054 501 ἐστὶ
1078 461 1244 510 δοθει’·ς
1275 462 1347 504 καὶ
1371 474 1476 506 συν·
1511 467 1520 510 ‘3

83 531 89 538 ’
156 524 284 567 θέντι
321 531 399 567 τοῦ
428 527 522 567 ΔΓ
550 527 658 582 πρὸς
694 528 741 569 τὸ
777 530 867 569 ΒΓ
895 530 1023 581 λόγος
1060 520 1149 571 ἐστὶ
1185 531 1343 581 δοθείς.
1403 536 1481 575 καί
1508 515 1520 602 {3}

154 593 245 636 ἐστι
275 592 411 636 δοθὲν
441 596 490 638 τὸ
521 599 628 636 ΑΔ·
659 597 707 638 τὸ
740 598 819 638 ΓΑ
849 598 932 652 ἄρα
963 604 1040 639 τοῦ
1067 601 1145 640 ΓΒ
1177 599 1355 642 δοθέντι
1384 608 1520 655 μεῖ-

155 665 227 714 ζόν
258 663 375 706 ἐστιν
406 663 432 718 ἢ
463 664 510 706 ἐν
540 667 691 722 λόγῳ.
1493 651 1520 750 Ξ

243 733 375 775 πάλιν
406 734 460 788 δὴ
491 735 539 776 τὸ
570 737 662 776 ΑΓ
691 741 768 777 τοῦ
800 737 878 776 ΓΒ
917 736 1092 778 δοθέντι
1130 741 1272 792 μεῖζον
1308 733 1414 782 ἔστω
1445 740 1472 794 ἢ
1492 759 1510 781 x

84 812 130 843 10
155 801 203 844 ἐν
233 805 365 860 λόγω·
403 802 531 858 λέγω,
569 820 634 846 οτι
665 805 713 846 τὸ
744 805 897 847 λοιπὸν
927 807 974 847 τὸ
1006 809 1090 848 ΑΒ
1122 814 1198 849 τοῦ
1229 808 1363 850 αὐτοῦ
1395 815 1476 851 τοῦ
1497 836 1514 866 11

153 874 244 913 ΒΓ
275 873 368 926 ἤτοι
404 872 582 914 δοθέντι
618 875 761 928 μεῖζον
792 876 909 916 ἔσται
946 874 971 928 ἢ
1003 875 1049 917 ’ἐν
1079 878 1211 933 λόγω,
1249 877 1275 931 ἢ
1306 879 1353 919 τὸ
1384 881 1515 923 AB:s

149 932 255 995 μετά
292 948 370 983 τοῦ
407 941 519 997 ἑξῆς,
561 944 670 999 πρὸς
705 943 728 985 ὃ
765 945 823 986 τὸ·
850 946 938 986 ΒΓ
974 947 1106 998 λόγον
1149 948 1233 1000 ἔχει
1270 946 1520 1003 dofle'vroc,=⁵·÷

148 1010 285 1053 δοθέν
316 1011 444 1053 ἐστιν.
1517 1005 1519 1008 ⁴

239 1080 329 1123 ἐπεὶ
369 1082 450 1137 γὰρ
488 1082 536 1123 τὸ
568 1084 660 1123 ΑΓ
690 1088 767 1124 τοῦ
800 1085 878 1124 ΓΒ
916 1083 1093 1126 δοθέντι
1124 1087 1265 1139 μεῖζόν
1297 1085 1413 1128 ἐστιν
1444 1086 1476 1140 ἦ

81 1159 126 1190 15
151 1150 199 1192 ἐν
229 1152 364 1207 λόγῳ,
395 1150 639 1206 ἀφῃρήσθω
671 1152 719 1193 τὸ
750 1150 886 1194 δοθὲν
916 1152 1110 1207 μέγεθος.
1170 1155 1218 1196 τὸ
1250 1155 1302 1209 δὴ
1334 1153 1477 1198 δοθὲν

132 1221 247 1274 ,ἤτοι
279 1222 462 1262 ἔλασσόν
493 1219 582 1262 ἐστι
614 1227 691 1262 τοῦ
722 1224 807 1262 ΑΒ
845 1221 870 1275 ἢ
900 1224 1054 1276 μεῖζον.
1114 1224 1221 1265 ἔστω
1257 1224 1501 1280 πρότερονχ

148 1292 345 1344 ἔλασσον,
375 1289 447 1331 καὶ
478 1292 584 1332 ἔστω
616 1291 664 1331 τὸ
696 1294 802 1331 ΑΔ·
840 1294 993 1333 λοιποῦ
1024 1293 1107 1348 ἄρα
1138 1299 1214 1334 τοῦ
1244 1297 1287 1334 Λ
1296 1296 1338 1335 Γ
1360 1295 1472 1350 πρὸς
1517 1285 1520 1288 ⁴

147 1361 228 1401 ΓΒ
259 1355 388 1412 λόγος
413 1358 502 1401 ἐστὶ
527 1360 691 1408 δοθείς·
723 1360 910 1402 διελόντι
934 1362 1018 1415 ἄρα
1042 1367 1119 1403 τοῦ
1138 1365 1223 1404 ΔΒ
1253 1364 1361 1418 πρὸς
1383 1365 1479 1405 ΒΓ
1496 1394 1498 1396 v

147 1430 275 1482 λόγος
312 1427 400 1470 ἐστὶ
437 1429 597 1478 δοθείς.
657 1431 733 1470 καί
766 1428 855 1471 ἐστι
891 1428 1025 1472 δοθὲν
1061 1432 1109 1473 τὸ
1145 1435 1251 1473 ΑΔ·
1295 1426 1352 1474 το
1379 1435 1498 1476 ΑΒ.

78 1507 125 1538 20
150 1499 235 1554 ἄρα
265 1504 342 1540 τοῦ
373 1499 462 1540 ΒΓ
485 1497 836 1553 δοθέντιμεῖζόν
867 1498 982 1541 ἐστιν
1013 1499 1039 1553 ἢ
1071 1499 1117 1542 ἐν
1147 1503 1273 1558 λόγῳ.

237 1567 346 1610 ἀλλὰ
370 1568 424 1622 δὴ
450 1568 498 1610 τὸ
524 1566 659 1610 δοθὲν
683 1570 827 1622 μεῖζον
851 1571 958 1611 ἔστω
984 1575 1061 1611 τοῦ
1086 1573 1185 1624 ΑΒ,
1207 1569 1280 1612 καὶ
1304 1572 1472 1613 κείσθω

148 1637 266 1694 αὐτῷ
304 1641 400 1680 ἴσον
437 1638 485 1679 τὸ
516 1641 623 1679 ΛΕ·
652 1639 793 1691 ’λόγος
829 1639 912 1693 ἄρα
948 1641 1102 1680 λοιποῦ
1132 1646 1210 1681 τοῦ
1241 1642 1329 1681 ΕΓ
1357 1642 1466 1695 πρὸς
1491 1650 1494 1653 “

79 1733 81 1736 -
145 1707 195 1750 τὸ
229 1709 309 1749 ΓΒ
342 1707 430 1748 ἐστι
462 1707 626 1757 δοθείς·
658 1707 766 1749 ὥστε
794 1706 867 1749 καὶ
897 1706 1111 1758 ἀνάπαλιν
1141 1714 1218 1750 τοῦ
1248 1712 1336 1751 ΒΓ
1359 1710 1471 1765 πρὸς
1512 1738 1520 1757 „2

144 1778 193 1819 τὸ
218 1779 307 1819 ΕΓ
330 1778 458 1830 λόγος
482 1775 578 1827 ἐστὶ,
603 1777 767 1826 δοθείς·
798 1775 870 1818 καὶ
894 1776 1211 1833 ἀναστρέψαντι
1235 1778 1258 1820 ὁ
1283 1785 1361 1820 τοῦ
1379 1781 1476 1820 ΒΓ

73 1854 118 1885 25
142 1847 252 1901 πρὸς
287 1847 534 1899 ΒΕ.λόγος
570 1844 660 1888 ἐστὶ
698 1847 857 1896 δοθείς.
923 1849 999 1888 καί
1031 1846 1119 1889 ἐστι
1155 1848 1202 1889 τὸ
1239 1850 1320 1889 ΕΒ
1358 1849 1467 1902 μετὰ

237 1952 269 1983 5.
295 1948 383 1994 ἄρα]
410 1960 479 1983 om.
505 1959 537 1983 a.
646 1946 858 1983 συντεθέντι
883 1959 915 1983 a.
1022 1953 1053 1984 6.
1086 1951 1148 1984 ΓΔ
1173 1960 1206 1984 a.
1315 1954 1343 1984 7.
1373 1950 1466 1996 ἐστι]
1496 1949 1518 1981 f

144 1995 232 2030 ἔστω
258 2006 291 2030 a.
374 1995 415 2030 τὸ
441 1992 558 2030 δοθὲν
583 1994 623 2030 τό
647 1994 766 2030 PVat.
776 2007 808 2030 v.
891 1994 932 2030 τό
946 1995 1022 2039 (alt.
1025 1996 1053 2041 )]
1078 2007 1166 2030 corr.
1187 2007 1231 2030 ex
1249 1999 1298 2043 τῷ
1318 2009 1364 2031 m.
1385 2001 1405 2031 2
1425 2008 1463 2031 v
1506 1995 1516 2030 ss

192 2042 273 2088 ΓΒ]
307 2044 371 2076 ΓΔ
395 2042 478 2076 Vat.
594 2045 647 2076 11.
684 2041 796 2087 ἔσται]
828 2041 924 2077 ἐστιν
949 2052 981 2076 a.
1092 2044 1172 2088 ΑΒ]
1204 2046 1231 2077 Β
1257 2032 1340 2085 add.
1366 2055 1412 2077 m.
1438 2047 1464 2078 2

141 2087 226 2123 vat.
325 2091 378 2123 12.
404 2087 494 2132 μετὰ
518 2093 582 2122 τοῦ
609 2087 703 2133 ἑξῆς]
729 2085 816 2132 μεθ’
839 2084 882 2123 οὗ
907 2099 939 2122 a.
1037 2091 1089 2123 13.
1120 2088 1230 2135 ἐστιν]
1256 2088 1340 2124 add.
1365 2101 1412 2124 m.
1439 2093 1459 2124 2
1496 2103 1500 2109 ⁷

141 2134 225 2169 Vah.
329 2138 382 2169 14.
412 2135 492 2180 ΓΒ]
519 2137 591 2169 ΒΓ
611 2145 642 2169 a.
747 2138 800 2170 16.
827 2133 972 2174 ἔλαττόν
997 2134 1099 2179 (corr'.
1126 2146 1170 2170 ex
1195 2134 1273 2171 ἴσον
1298 2147 1344 2170 m.
1365 2138 1399 2180 3)
1424 2147 1462 2170 v
1495 2140 1497 2145 ‘

189 2184 242 2215 18.
269 2180 309 2215 τὸ
337 2183 402 2215 ΓΒ
427 2192 460 2216 a.
562 2180 719 2216 διελόντι
743 2201 786 2207 -
813 2184 866 2215 19.
893 2177 1034 2227 aeaeis]
1060 2181 1133 2215 add
1157 2193 1203 2216 m.
1224 2186 1245 2216 3
1269 2193 1301 2216 v.
1404 2185 1461 2216 18
1497 2195 1502 2203 ²

140 2226 299 2269 διελόντι
319 2247 359 2253 -
384 2227 471 2273 ΒΓ]
496 2227 560 2262 καὶ
583 2232 648 2262 τοῦ
666 2230 736 2262 ΔΒ
761 2226 832 2270 ἄρα
857 2227 948 2270 πρὸς
965 2228 1005 2263 τὸ
1026 2230 1097 2262 ΒΓ
1117 2238 1148 2262 a.
1225 2231 1277 2263 19.
1304 2227 1400 2263 ἐστιν
1419 2239 1463 2272 v;
1514 2226 1518 2232 '

140 2273 232 2308 item
256 2273 320 2308 lin.
348 2277 403 2318 23,
429 2277 484 2318 24,
510 2277 564 2309 25.
679 2277 733 2308 21.
759 2274 839 2319 ΑΒ]
864 2276 940 2308 ΔΓ
962 2285 993 2308 V.
1112 2278 1166 2309 22.
1193 2275 1304 2321 αὐτῷ]
1329 2285 1398 2309 om.
1423 2285 1464 2309 a.
1513 2290 1516 2303 τ
