1520 2508
19 15 22 55 V

656 102 795 152 DATA.
1340 99 1399 141 35

10 215 17 267 f
64 202 109 244 in
141 199 316 254 ratione,
348 201 422 241 aut
451 198 640 253 reliquae
672 198 778 240 duae
810 197 924 239 inter
955 211 999 239 se
1028 195 1240 238 rationem
1266 196 1396 238 habe-

8 278 13 322 }
65 272 174 314 bunt
204 270 364 326 datam,
400 271 475 311 aut
507 269 660 323 altera,
697 270 945 325 comparata
981 282 1077 310 cum
1109 267 1262 323 altera,
1299 266 1400 309 data

6 326 13 392 [
66 341 202 384 maior
231 343 296 382 est
327 355 456 396 quam
485 339 739 382 in-ratione.

5 395 12 466 ᾗ
152 411 238 453 sint
268 413 354 453 tres
386 410 673 466 magitudines
704 413 807 466 AB,
830 412 923 466 TA,
946 413 1042 466 ΕΖ,
1073 412 1116 452 et
1147 424 1233 451 una
1263 423 1315 451 ex
1344 408 1401 451 iis

3 468 10 527 ἶ
66 484 164 538 ΓΔ,
200 485 446 537 comparata
477 496 573 524 cum
609 484 791 536 utraque
828 481 994 536 reliqua
1031 483 1137 536 ΑΒ,
1160 483 1264 536 ΕΖ,
1300 480 1403 522 data

2 529 6 558 ⁵
60 552 198 613 maior
234 552 290 594 sit
323 567 450 607 quam
486 552 532 594 in
562 551 738 594 ratione.
802 552 915 608 dieo,
952 554 1026 593 aut
1055 550 1400 607 magnitudinem

0 675 3 684 ,
60 625 147 665 AB
174 623 331 676 adEZ
356 622 566 664 rationem
591 622 749 664 habere
775 623 931 679 datam,
962 624 1037 664 aut
1063 622 1257 677 alteram,
1287 636 1401 664 com-

0 686 3 743 Ῑ
58 678 253 750 paratam
273 707 370 735 oum
389 693 533 749 altera,
551 693 652 735 data
670 693 877 735 maiorem
897 707 990 734 esse
1010 706 1139 747 quam
1157 693 1203 734 in
1218 692 1399 735 ratione.

147 779 246 806 nam
272 764 472 818 quoniam
497 764 750 820 magnitudo
777 765 869 819 ΓΔ,
899 766 1148 818 comparata
1174 778 1272 806 cum
1297 766 1401 819 AB,

60 835 160 877 data
184 834 320 877 maior
345 838 410 877 est
435 850 562 890 quam
586 835 631 876 in
655 835 834 891 ratione,
861 834 1080 876 auferatur
1107 834 1207 876 data
1232 834 1399 891 magni-

847 905 952 946 tudo
974 906 1074 947 TH.
1118 904 1264 960 itaque
1284 905 1398 947 ratio

59 935 307 1004 *G———lf
605 935 692 1003 *1¹3
847 975 1037 1030 reliquae
1078 978 1175 1017 HA
1219 976 1271 1017 ad
1308 979 1398 1018 AB

59 1041 94 1074 Γ
202 1041 339 1100 H——K
532 1042 565 1107 ἔ
667 1100 671 1104 ,
849 1046 949 1088 data
1010 1049 1076 1088 est
1139 1046 1243 1099 [def.
1303 1045 1397 1102 ll].
1438 1047 1441 1049 ’

56 1148 89 1180 Λ
423 1146 455 1178 Ε
763 1146 791 1178 Z
849 1117 996 1158 eadem
1037 1120 1164 1172 atque
1204 1117 1280 1158 illa
1319 1117 1399 1159 fiat

438 1192 557 1214 Ρ.-

70 1192 119 1205 Ι,-

588 1225 590 1227 ,
773 1191 777 1214 ¹
847 1187 961 1230 ratio
1006 1189 1101 1230 ΓΗ
1115 1203 1124 1229 :
1144 1190 1243 1229 ΑΘ.
1317 1188 1398 1230 ita-

60 1273 143 1314 que
175 1258 304 1300 etiam
336 1257 447 1299 ratio
474 1259 569 1299 ΓΗ
583 1273 592 1298 ;
612 1259 702 1299 ΑΘ
732 1258 832 1300 data
862 1261 928 1300 est
960 1258 1059 1313 [def.
1087 1259 1144 1312 2].
1195 1259 1268 1300 sed
1297 1259 1399 1301 data

57 1332 122 1371 est
161 1330 258 1370 ΓΗ.
334 1328 433 1369 data
470 1330 536 1369 est
578 1327 714 1383 igitur
750 1328 880 1370 etiam
916 1332 959 1370 Α
969 1331 1007 1371 Θ
1046 1327 1181 1386 [prop.
1212 1327 1285 1386 11].
1353 1333 1399 1372 et

57 1399 170 1441 ratio
196 1398 332 1441 totius
354 1400 434 1440 TA
464 1399 516 1440 ad
541 1401 679 1440 totam
702 1401 782 1440 ΘΒ
809 1399 910 1441 data
935 1402 1001 1441 est
1027 1397 1097 1456 [V‚
1125 1400 1197 1455 123
1228 1399 1309 1441 def.
1335 1399 1396 1455 2].

56 1484 203 1512 rursus
235 1468 436 1525 quoniam
473 1469 724 1525 magnitudo
757 1471 853 1526 ΓΔ,
890 1474 1138 1525 comparata
1170 1485 1266 1513 eum
1298 1473 1397 1526 ΕΖ,

50 1539 161 1585 ‘data
184 1540 320 1582 maior
346 1542 412 1581 est
436 1554 563 1594 quam
587 1540 632 1581 in
651 1540 830 1596 ratione,
861 1540 1079 1583 auferatur
1105 1541 1206 1583 data
1231 1541 1396 1597 magni-

57 1611 164 1652 tudo
190 1612 283 1652 TK.
333 1609 443 1652 ratio
468 1610 657 1665 reliquae
676 1613 762 1653 KA
787 1611 839 1653 ad
858 1614 942 1658 EZ
967 1611 1068 1653 data
1093 1615 1158 1654 est
1185 1610 1281 1669 [def.
1305 1612 1394 1668 ll].

55 1681 202 1723 eadem
239 1684 365 1735 atque
402 1680 477 1722 illa
512 1681 590 1723 fiat
625 1682 736 1724 ratio
773 1684 885 1724 TK:
906 1685 947 1724 Λ
954 1685 1004 1724 Ε.
1075 1683 1223 1742 itaque
1260 1682 1391 1729 etiam

51 1752 165 1794 ratio
203 1753 292 1794 ΓΚ
307 1767 316 1793 z
335 1753 424 1793 ΛΕ
458 1751 557 1794 data
594 1755 659 1794 est
697 1752 796 1808 [def.
822 1752 881 1808 2].
945 1753 1017 1794 sed
1054 1754 1154 1795 data
1191 1757 1256 1796 est
1295 1755 1391 1801 ΓΚ.

54 1823 154 1865 data
190 1825 255 1864 est
290 1822 424 1878 igitur
459 1822 589 1864 etiam
620 1826 710 1865 AE
740 1821 876 1880 [prop.
902 1822 974 1881 ll].
1037 1827 1080 1866 et
1110 1824 1223 1866 ratio
1254 1824 1392 1866 totius

58 1895 139 1935 TA
176 1893 227 1936 ad
262 1895 401 1934 totam
432 1895 518 1934 AZ
562 1894 662 1936 data
698 1897 763 1936 est
808 1894 878 1950 [V‚
905 1895 978 1951 123
1009 1895 1088 1937 def.
1115 1894 1174 1950 2].
1240 1910 1392 1937 uerum

54 1963 166 2005 ratio
199 1965 306 2005 TA:
330 1965 409 2005 ΘΒ
442 1964 541 2006 data
572 1967 647 2007 est.
702 1980 832 2020 quare
864 1965 995 2007 etiam
1026 1966 1138 2008 ratio
1173 1969 1254 2008 ΘΒ
1275 1982 1283 2008 :
1304 1969 1345 2008 A
1354 1969 1390 2008 Z

54 2033 156 2076 data
191 2036 257 2076 est
287 2031 422 2090 [prop.
448 2033 583 2092 VIH].
656 2039 699 2078 et
736 2036 904 2078 ablatae
928 2039 1044 2078 'sunt
1081 2037 1135 2078 ab
1173 2036 1227 2078 iis
1265 2037 1389 2079 datae

53 2104 368 2160 magnitudines
392 2107 593 2161 ΘΑ,ΛΕ.
633 2121 734 2163 ergo
755 2107 1074 2163 magnitudines
1093 2110 1288 2163 AB‚EZ
1314 2112 1390 2151 aut

51 2175 165 2216 inter
184 2189 228 2216 se
247 2174 454 2218 rationem
467 2175 689 2219 habebunt
703 2178 860 2232 datam,
879 2180 954 2219 aut
974 2178 1121 2234 altera,
1141 2183 1389 2235 comparata

51 2259 148 2287 eum
174 2245 320 2300 altera,
344 2245 443 2288 data
460 2247 597 2289 maior
619 2251 684 2290 est
711 2263 838 2304 quam
858 2248 903 2290 in
922 2249 1088 2292 ratione
1116 2249 1253 2306 [prop.
1272 2250 1387 2306 XV].

143 2341 184 2366 in
210 2332 269 2377 fig.
296 2332 376 2367 cod.
399 2332 483 2368 Vat.
510 2333 658 2370 litterae
686 2337 732 2380 Η,
752 2338 789 2370 K
810 2337 1043 2380 permutatae
1070 2339 1166 2390 sunt.

1125 2391 1171 2424 3*
