1520 2508
605 132 613 139 .
667 109 806 144 DATA.
875 102 885 116 ¹
1356 105 1417 147 55

68 207 173 249 duae
203 205 339 247 lineae
370 204 585 260 positione
617 204 741 247 datae
773 204 887 246 inter
919 219 963 246 se
996 206 1160 259 secant,
1190 205 1415 259 punctum,

69 277 114 319 in
161 290 244 332 quo
291 276 406 318 inter
449 290 493 317 se
538 278 704 331 secant,
757 275 906 317 datum
956 277 1021 317 est
1073 274 1212 330 [prop.
1252 272 1415 328 XXV];

68 354 195 403 quare
225 349 432 402 punctum
463 349 507 389 A
537 346 686 388 datum
718 349 796 388 est.
845 360 997 388 uerum
1023 345 1161 397 ‘etiam
1192 349 1235 387 A
1267 345 1416 387 datum

16 433 17 442 ¹
69 421 142 461 est.
191 432 292 474 ergo
323 419 441 459 reeta
467 420 560 459 AA
591 416 807 471 positione
840 416 941 458 data
972 419 1037 458 est
1070 415 1209 471 [prop.
1236 414 1415 470 XXVI]

645 569 823 612 XXXII.

154 652 200 696 Si
231 654 284 695 ad
313 653 538 708 parallelas
569 652 785 708 positione
813 653 934 695 datas
962 657 1079 696 reeta
1105 623 1219 696 linea
1245 653 1417 696 ducitur

5 759 7 763 ,
66 725 188 766 datos
208 724 396 766 efficiens
417 723 611 780 angulos,
631 724 759 765 dueta
777 727 894 766 reeta
907 723 1205 780 magnitudine
1221 724 1321 766 data
1336 727 1415 766 est.

103 816 105 818 ·
151 809 252 836 nam
289 795 343 836 ad
372 794 598 849 parallelas
631 798 673 836 A
682 797 736 849 B,
766 796 846 836 ΓΔ
882 794 1098 849 positione
1137 794 1259 837 datas
1298 798 1418 838 recta

3 857 5 873 ÷
65 865 176 908 linea
201 868 284 908 EZ
317 865 497 907 ducatur
528 865 651 907 datos
684 865 874 907 efficiens
901 865 1085 921 angulos
1110 868 1252 921 BEZ,
1275 868 1415 908 ΕΖΔ.

67 936 174 992 dico,
203 939 365 979 rectam
396 939 481 978 EZ
513 936 658 978 datam
691 951 782 978 esse
815 936 1123 992 magnitudine.

0 1051 1 1054 Ἴ
152 1023 252 1050 nam
284 1010 477 1050 sumatur
506 1007 553 1048 in
583 1010 702 1049 reeta
733 1009 814 1049 ΓΔ
846 1008 995 1049 datum
1025 1011 1234 1063 punctum
1268 1011 1333 1063 H,
1372 1011 1416 1050 et

0 1114 1 1127 ἶ
65 1093 141 1134 per
175 1080 228 1120 H
262 1081 403 1121 rectae
441 1081 483 1120 E
491 1081 525 1119 Z
568 1078 774 1132 parallela
812 1078 993 1120 dueatur
1031 1081 1136 1120 HQ.
1212 1079 1418 1133 quoniam

846 1151 940 1190 HQ
964 1149 1170 1204 parallelo.
1190 1153 1256 1191 est
1275 1153 1417 1192 rectae

65 1249 94 1281 A
281 1219 312 1285 Q
534 1219 566 1252 Ε
724 1220 752 1252 Β
841 1222 925 1261 ΕΖ
957 1219 1070 1262 etin
1104 1235 1174 1262 eas
1207 1223 1326 1263 recta
1356 1221 1418 1263 in-

292 1289 295 1355 i
545 1274 547 1358 1
837 1290 946 1349 *cidst
979 1293 1076 1346 ΓΛ,
1108 1291 1190 1333 erit

293 1363 295 1435 ἶ
545 1361 548 1432 A
841 1365 869 1410 L
888 1364 1018 1403 ΕΖΔ
1033 1382 1086 1395 =
1106 1365 1241 1404 QHA
1261 1362 1313 1418 [I,
1329 1362 1416 1418 29].

95 1491 102 1493 μ
293 1447 295 1480 2
546 1436 549 1515 .
803 1488 812 1495 .
841 1446 992 1474 uerum
1025 1433 1150 1475 datus
1183 1437 1249 1476 est
1285 1448 1418 1490 angu-

69 1501 179 1534 F—
276 1481 316 1558 5¹1
534 1527 561 1559 Z
737 1529 770 1560 A
842 1503 910 1545 lus
936 1507 1082 1560 EZA3
1111 1503 1257 1560 itaque
1285 1505 1417 1547 etiam

844 1574 1027 1631 angulus
1045 1578 1179 1617 QHA
1203 1576 1327 1618 datus
1349 1579 1416 1618 est

69 1641 168 1697 [def.
185 1642 240 1698 1].
277 1643 364 1685 iam
385 1644 587 1698 quoniam
608 1645 661 1686 ad
679 1647 843 1686 rectam
864 1647 944 1687 ΓΔ
969 1646 1185 1700 positione
1207 1647 1352 1689 datam
1373 1651 1416 1690 et

67 1713 214 1755 datum
238 1717 447 1769 punctum
471 1715 517 1756 in
538 1730 587 1757 ea,
604 1715 798 1771 positum
818 1719 870 1757 H
894 1719 1013 1759 recta
1032 1717 1146 1761 linea
1168 1721 1263 1760 HQ
1288 1719 1417 1761 dueta

68 1786 133 1825 est
159 1784 305 1826 datum
331 1785 519 1828 efficiens
546 1786 753 1842 angulum
783 1789 879 1828 ΘΗ
883 1790 931 1842 Z,
961 1788 1177 1842 positione
1206 1789 1308 1831 data
1333 1790 1416 1831 erit

70 1855 162 1895 ΗΘ
193 1854 329 1911 [prop.
354 1855 530 1911 XXIX}
592 1871 743 1898 uerum
778 1857 909 1899 etiam
941 1861 1028 1900 AB
1066 1859 1283 1914 positione
1317 1861 1417 1903 data

70 1925 146 1964 est.
195 1938 296 1980 ergo
323 1928 531 1980 punctum
560 1929 597 1968 Q
628 1927 776 1969 datum
802 1931 868 1969 est
894 1928 1032 1984 [prop.
1059 1929 1215 1984 XXV]
1265 1945 1417 1974 uerum

71 1993 201 2035 etiam
225 1997 276 2036 H
301 1995 447 2037 datum
478 1999 554 2038 est.
603 1996 750 2052 itaque
775 2000 870 2039 HQ
901 1999 1001 2040 data
1027 2003 1093 2041 est
1117 2001 1416 2057 magnitudine

70 2062 207 2118 [prop.
227 2063 408 2122 XXV1];
439 2069 483 2108 et
508 2067 697 2122 aequalis
725 2071 791 2110 est
816 2071 957 2110 rectae
984 2072 1026 2111 E
1033 2073 1068 2111 Z
1095 2070 1147 2127 [I,
1173 2071 1260 2127 34].
1311 2088 1415 2131 ergo

68 2133 199 2175 etiam
229 2137 270 2176 E
277 2137 311 2176 Z
343 2135 441 2178 data
471 2140 537 2179 est
567 2138 864 2194 magnitudine
897 2139 996 2194 [def.
1027 2140 1082 2195 1].

67 2282 182 2330 μένην
216 2305 258 2312 -
290 2289 345 2321 21.
381 2288 513 2335 QHZ]
552 2299 621 2325 om.
649 2300 682 2326 a.
804 2293 859 2326 22.
898 2289 977 2338 καί]
1017 2303 1128 2339 supra
1167 2295 1252 2331 add.
1293 2307 1413 2343 comp.

67 2341 114 2366 m.
140 2335 161 2366 2
187 2343 220 2367 v.
319 2332 453 2382 σημείῳ
478 2346 511 2371 v.
609 2340 664 2372 23.
693 2335 826 2383 δοθέν]
854 2349 922 2374 om.
949 2339 1034 2375 Vat.
