1520 2508
0 0 21 106 h

564 142 567 145 .
639 111 780 144 DATA.
981 94 990 104 ’
1326 106 1384 148 27

40 209 146 252 tudo
178 209 272 251 ΓΖ.
330 207 476 263 itaque
512 206 702 260 reliquae
732 209 777 247 A
785 208 820 248 Z
859 205 911 247 ad
949 208 991 247 E
1025 204 1137 247 ratio
1177 205 1279 247 data
1317 207 1385 246 est

8 269 17 320 1
44 278 249 336 [def.11].
298 277 341 320 et
372 276 575 332 quoniam
606 277 718 318 ratio
746 279 832 318 AB
853 292 862 318 ε
884 278 964 318 ΓΛ
994 276 1095 318 data
1123 279 1203 332 est,
1234 275 1384 318 eadem

686 351 813 403 atque
831 346 909 389 illa
927 347 1004 389 fiat
1024 347 1136 389 ratio
1157 351 1200 390 Α
1206 349 1259 389 Η
1266 363 1275 389 :
1292 349 1387 390 ΓΖ.

5 402 13 472 ᾗ
42 423 91 456 A}
237 385 276 417 Η
341 446 352 457 .
572 385 624 451 -11
685 433 817 474 quare
849 417 981 460 etiam
1012 418 1124 460 ratio
1154 421 1256 461 AH
1269 435 1278 460 ε
1301 420 1387 461 ΓΖ

4 481 7 497 ⁵
206 492 232 541 Z
453 492 486 524 Δ
689 490 790 532 data
814 492 880 531 est
907 488 1008 545 [def.
1023 489 1082 545 2].
1125 504 1276 532 uerum
1301 504 1390 532 ma-

46 529 281 562 r³‘—²-—
299 536 468 559 —m——l
660 596 665 601 .
690 561 871 617 gnitudo
903 562 984 603 ΓΖ
1015 561 1116 602 data
1147 563 1224 603 est.
1287 560 1390 602 data

5 650 7 654 ¹
44 610 78 645 Ε
92 630 509 633 —ffi
690 635 756 674 est
768 632 903 688 igitur
916 631 1048 674 etiam
1056 635 1098 673 A
1104 634 1157 673 H
1165 631 1390 687 [prop.H].

0 749 1 752 ,
40 707 86 747 et
108 704 219 748 ratio
244 704 431 760 reliquae
450 706 540 746 ΗΒ
567 704 620 746 ad
645 703 856 759 reliquam
874 706 918 744 A
927 705 963 744 Z
995 703 1096 744 data
1122 705 1189 745 est
1218 702 1291 759 [V,
1313 703 1389 759 193

0 773 1 776 ¹
40 775 123 818 def.
154 775 211 831 2].
272 790 421 818 uerum
456 775 568 817 ratio
598 777 690 816 AZ
710 790 719 815 :
739 777 781 816 E
815 774 916 815 data
947 776 1024 815 est.
1087 788 1218 829 quare
1252 773 1387 815 etiam

39 846 152 888 ratio
183 849 272 888 ΗΒ
293 849 363 888 :E
391 847 490 888 data
522 848 587 888 est
620 845 758 900 [prop.
785 843 925 899 VIII}
988 847 1033 886 et
1063 845 1171 894 data,
1197 847 1265 886 est
1297 859 1389 886 ma-

39 916 220 973 gnitudo
255 920 359 959 AH.
421 931 523 973 ergo
561 916 814 972 magnitudo
852 918 940 957 AB
948 949 959 971 ‚
999 918 1248 970 comparata
1287 930 1388 958 oum

39 987 335 1044 magnitudine
355 990 405 1042 E,
426 987 527 1029 data
545 986 683 1029 maior
702 990 769 1028 est
788 1001 918 1041 quam
937 986 983 1028 in
1002 986 1168 1028 ratione
1186 985 1286 1041 [def.
1298 986 1387 1041 11],

654 1151 769 1194 XIV.

131 1245 176 1289 Si
220 1247 327 1289 duae
370 1245 688 1302 magnitudines
724 1247 838 1288 inter
875 1261 919 1288 se
962 1247 1176 1289 rationem
1218 1246 1386 1288 habent

41 1318 187 1360 datam
218 1320 261 1360 et
291 1317 491 1359 adiicitur
515 1316 686 1372 utrique
711 1331 860 1359 earum
884 1317 985 1359 data
1010 1317 1279 1374 magnitudo,
1310 1320 1388 1360 aut

39 1392 159 1431 totae
195 1388 308 1430 inter
338 1403 383 1431 se
419 1387 631 1430 rationem
667 1388 889 1430 habebunt
927 1388 1092 1444 datam,
1128 1388 1389 1444 autaltera,

40 1463 289 1515 comparata
313 1474 411 1502 cum
435 1459 582 1514 altera,
607 1459 707 1500 data
733 1459 870 1501 maior
896 1462 962 1502 est
988 1475 1116 1515 quam
1134 1458 1181 1501 in
1202 1459 1386 1502 ratione.

130 1542 236 1583 duae
273 1541 386 1583 enim
421 1542 738 1598 magnitudines
772 1546 814 1584 A
822 1545 878 1598 Β,
904 1544 984 1593 ΓΔ
1013 1541 1134 1598 {inter
1172 1557 1216 1585 se
1255 1542 1388 1584 ratio·
1474 1590 1479 1595 .

37 1627 139 1655 nem
168 1612 355 1657 habeant
386 1613 542 1668 datam,
573 1615 616 1654 et
647 1613 875 1655 adiiciatur
905 1614 1078 1668 utrique
1104 1628 1253 1656 earum
1279 1614 1384 1655 data

887 1684 1159 1740 magnitudo,
1201 1687 1294 1727 AE
1344 1687 1389 1726 et

6 1769 13 1777 ·
42 1731 72 1800 1¹3
210 1731 238 1799 ²11
553 1731 592 1764 H
729 1731 761 1799 113
888 1757 980 1797 ΓΖ.
1031 1756 1140 1811 dieo,
1168 1759 1243 1798 aut
1268 1758 1387 1797 totas

42 1838 77 1870 A
190 1800 192 1802 v
296 1838 330 1870 Γ
787 1839 814 1907 Ζι
886 1829 981 1880 ΕΒ,
1028 1829 1114 1868 ΖΔ
1170 1826 1284 1868 inter
1340 1841 1387 1869 se

55 1882 148 1905 Ιμ,

44 1969 148 2021 tam,
177 1970 250 2009 aut
281 1967 472 2023 alteram,
503 1971 795 2023 comparatam
826 1983 924 2010 cum
950 1968 1098 2024 altera,
1130 1968 1231 2011 data
1254 1969 1390 2011 maio-

41 2051 134 2078 rem
165 2051 256 2079 esse
287 2052 415 2094 quam
443 2039 490 2080 in
520 2040 698 2081 ratione;

21 2174 40 2183 ,Α
129 2133 231 2162 nam
255 2119 456 2175 quoniam
480 2121 581 2164 data
606 2125 672 2164 est
692 2125 874 2177 utraque
894 2122 1147 2179 magnitudo
1166 2125 1267 2179 EA,
1288 2125 1387 2179 ΖΓ,

40 2188 153 2232 ratio
186 2193 300 2232 EA':
321 2193 407 2234 ΖΓ
440 2192 540 2234 data
577 2192 660 2234 erit
699 2193 838 2248 [prop.
870 2192 922 2247 I].
985 2196 1028 2235 et
1066 2193 1103 2236 si
1134 2194 1283 2237 eadem
1318 2198 1385 2237 est

38 2263 171 2316 atque
208 2261 320 2303 ratio
351 2264 572 2319 ABer,
602 2263 684 2305 erit
722 2264 854 2306 etiam
891 2263 1004 2306 ratio
1038 2264 1174 2306 totius
1206 2268 1293 2307 ΕΒ
1332 2266 1387 2307 ad

43 2333 183 2374 totam
216 2334 303 2374 ZA
333 2332 432 2375 data
464 2333 535 2390 [V7
562 2335 635 2391 123
666 2334 746 2377 def.
774 2334 832 2390 2].

886 1897 1101 1939 rationem
1128 1897 1287 1940 habere
1316 1898 1389 1940 da·
1411 1934 1415 1940 .
1490 1926 1493 1930 -
