1520 2508
132 87 214 128 132
657 89 922 146 AEAOMEN4.

133 215 138 222 .
187 184 321 241 ,ἔστω
365 183 460 237 γὰρ.
487 183 717 235 ἰσογώνιον
753 183 801 224 τὸ
840 185 918 225 ΓΔ
960 190 1019 240 τῷ
1059 186 1159 237 ΖΘ,
1200 183 1271 226 καὶ
1312 190 1446 241 παρα-

130 252 359 305 βεβλήσθω
397 252 512 307 παρὰ
543 252 623 305 τὴν
655 254 733 294 ΓΒ
771 252 948 294 εὐθεῖαν
978 259 1037 309 τῷ
1070 256 1153 294 ΖΘ
1181 257 1446 309 παραλληλο-

129 321 309 377 γράμμῳ
350 325 446 362 ἴσον
476 323 922 377 παραλληλόγραμμον
952 323 999 364 τὸ
1032 325 1144 377 ΓΜ,
1179 321 1250 364 καὶ
1287 326 1446 367 κείσθω

131 391 240 432 ὥστε
277 389 341 432 ἐπ’
376 391 550 440 εὐθείας
586 388 696 432 εἶναι
733 393 812 445 τὴν
847 394 938 434 ΑΓ
968 399 1018 447 τῇ
1051 395 1157 434 ΓΝ·
1199 391 1270 434 καὶ
1305 392 1331 446 ἡ
1361 396 1446 435 ΔΒ

131 461 214 515 ἄρα
244 468 295 516 τῇ
326 463 429 502 ΒΜ
454 452 570 502 ἐστὶν
601 459 667 502 ἐπ’
695 461 878 511 εὐθείας.
931 461 1004 503 καὶ
1035 466 1131 504 ἴσον
1161 461 1250 504 ἐστὶ
1279 463 1326 504 τὸ
1359 466 1454 505 ΒΝ

83 558 86 560 ψ
129 536 189 586 τῷ
229 533 329 572 ΖΘ·
374 532 463 572 ἔστι
503 528 550 596 δὲ
585 529 656 572 καὶ
696 532 942 584 ἰσογώνιον·
986 539 1072 573 τῶν
1108 535 1217 586 ΒΝ,
1251 535 1331 573 ΘΖ
1366 534 1448 587 ἄρα

64 815 107 855 10

65 1163 108 1194 15

133 599 503 641 ἀντιπεπόνθασιν
542 601 590 641 αἱ
623 599 804 656 πλευραὶ
841 602 889 642 αἱ
916 599 1013 656 περὶ
1044 601 1119 650 τὰς
1150 605 1244 650 ἴσας
1274 604 1448 655 γωνίας·
1515 601 1520 609 ’

131 670 248 710 ε”στιν
280 671 364 724 ἄρα
395 669 453 718 ὡς
483 670 509 723 ἡ
537 672 615 711 ΓΒ
647 670 754 726 πρὸς
773 667 862 724 ’τὴν
889 673 989 724 ΖΗ,
1022 671 1158 720 οὕτως
1181 670 1207 724 ἡ
1235 674 1318 712 ΖΕ
1344 672 1450 727 πρὸς

131 739 210 792 τὴν
248 741 345 780 ΓΝ.
413 741 540 792 λόγος
578 737 625 781 δὲ
666 746 740 793 τῆς
778 742 856 781 ΓΒ
899 740 1007 795 πρὸς
1042 741 1121 794 τὴν
1162 743 1255 781 ΖΗ
1285 741 1448 790 δοθείς·
1487 762 1489 766 ’

133 810 260 865 λόγος
289 809 372 863 ἄρα
403 807 474 849 καὶ
506 815 580 862 τῆς
610 812 691 850 ΕΖ
722 810 829 862 πρὸς
859 811 938 863 τὴν
970 811 1062 851 ΓΝ
1087 810 1246 858 δοθείς.
1300 816 1374 864 τῆς
1403 807 1450 852 δὲ

132 880 214 918 ΕΖ
250 879 358 933 πρὸς
394 879 473 932 τὴν
510 881 602 920 ΛΓ
638 881 765 932 λόγος
801 877 890 920 ἐστὶ
927 879 1093 928 δοθείς·
1141 878 1212 920 καὶ
1255 885 1329 933 τῆς
1365 881 1456 921 ΑΓ

133 948 215 1001 ἄρα
252 948 359 1002 πρὸς
395 950 473 1002 τὴν
507 950 600 994 ΓΝ
628 950 760 1001 Υλόγος
796 948 885 990 ἐστὶ
921 949 1087 998 δοθείς·
1130 950 1236 990 ὥστε
1272 948 1344 990 καὶ
1373 955 1450 991 τοῦ

134 1018 175 1057 Γ
170 1020 213 1057 Δ
242 1018 350 1071 πρὸς
379 1018 426 1059 τὸ
461 1019 562 1059 ΓΜ
586 1020 713 1071 λόγος
744 1017 832 1059 ἐστὶ
863 1019 1022 1067 δοθείς.
1081 1020 1169 1059 ἔστι
1201 1015 1247 1059 δὲ
1278 1019 1326 1060 τὸ
1358 1020 1458 1060 ΓΜ

133 1091 198 1142 τςό-
231 1089 313 1127 ΖΘ
350 1090 462 1143 ἴσον·
514 1089 641 1140 λόγος
681 1089 762 1143 ἄρα
797 1086 868 1129 καὶ
905 1093 982 1129 τοῦ
1015 1090 1093 1128 ΓΔ
1134 1089 1241 1143 πρὸς
1276 1089 1324 1130 τὸ
1361 1090 1450 1129 ΕΗ

134 1155 294 1205 δοθείς.
509 1202 512 1204 ,
1514 1208 1517 1209 ⁷

142 1276 147 1281 Π
219 1226 276 1279 μὴ
315 1227 420 1267 ἔστω
459 1226 512 1279 δὴ
552 1227 783 1279 ἰσογώνιον
812 1227 860 1268 τὸ
882 1229 976 1267 ἈΒ
1014 1232 1072 1283 τῷ
1106 1229 1206 1280 ΖΘ,
1249 1225 1319 1268 καὶ
1349 1237 1450 1268 συν-

134 1294 293 1335 εστάτω
325 1295 432 1350 πρὸς
464 1302 514 1350 τῇ
540 1298 628 1337 ΒΓ
652 1295 802 1351 εὐθείᾳ
832 1294 904 1337 καὶ
934 1302 993 1352 τῷ
1024 1297 1131 1350 πρὸς
1161 1296 1268 1351 αὐτῇ
1294 1297 1450 1352 σημείῳ
1494 1284 1499 1290 ⁷

72 1373 75 1375 ’
133 1370 192 1420 τῷ
217 1366 259 1405 Γ
282 1371 333 1419 τῇ
357 1364 441 1406 ὑπὸ
467 1372 554 1406 τῶν
574 1368 714 1406 ΕΖΗ
739 1367 876 1421 γωνία
901 1369 970 1419 ἴση
997 1368 1132 1418 γωνία
1157 1365 1182 1418 ἡ
1207 1365 1291 1407 ὑπὸ
1311 1367 1450 1418 ΒΓΚ,

65 1512 109 1543 20

136 1432 209 1475 καὶ
246 1435 633 1489 συμπεπληρώσθω
671 1436 718 1476 τὸ
751 1437 828 1476 ΓΛ
864 1437 1322 1491 παραλληλόγραμμον.
1381 1433 1451 1476 καὶ
1489 1459 1494 1465 .

136 1501 225 1544 ἐπεὶ
262 1503 444 1544 δοθεῖσά
482 1503 598 1545 ἐστιν
636 1503 661 1557 ἡ
697 1504 783 1546 ὑπὸ
819 1511 910 1553 τῶν,
937 1506 1104 1558 ΑΓΒ,
1128 1506 1216 1546 ἔστι
1248 1502 1295 1546 δὲ
1324 1503 1395 1545 καὶ
1425 1503 1451 1557 ἡ

116 1559 217 1614 Ᾰὺπὸ
249 1574 376 1614 ΚΓΒ
409 1573 609 1626 δοθεῖσα,
650 1572 720 1614 καὶ
752 1574 878 1627 λοιπὴ
910 1574 993 1629 ἄρα
1024 1573 1049 1626 ἡ
1079 1573 1164 1615 ὑπὸ
1196 1576 1332 1615 ΑΓΚ
1365 1573 1452 1615 ἐστι

134 1643 356 1684 δοθεῖσα.’
388 1643 477 1683 ἔστι
510 1639 557 1683 δὲ
587 1641 658 1683 καὶ
688 1642 713 1695 ἡ
745 1642 828 1684 ὑπὸ
861 1651 948 1684 τῶν
980 1645 1109 1684 ΓΑΚ
1143 1644 1338 1685 δοθεῖσα·
1381 1641 1452 1684 καὶ

133 1712 260 1766 λοιπὴ
286 1712 370 1766 ἄρα
394 1711 419 1765 ἡ
445 1711 529 1753 ὑπὸ
555 1719 642 1753 τῶν
664 1714 805 1753 ΑΚΓ
830 1712 917 1754 ἐστι
944 1713 1142 1754 δοθεῖσα·
1175 1712 1345 1754 δέδοται
1370 1713 1452 1767 ἄρα
1483 1704 1505 1750 ”.

213 1864 260 1894 ’2.
287 1859 666 1907 παραλληλογράμμῳ]
693 1872 780 1895 corr.
808 1872 851 1895 ex
876 1860 1090 1906 παραλλήλῳ
1115 1872 1161 1895 111.
1189 1865 1208 1894 2
1233 1861 1316 1895 Vat.
1421 1864 1451 1895 3.

135 1906 526 1952 παραλληλόγραμμον]
553 1907 814 1952 εὐθύγραμμον
840 1919 873 1942 v.
956 1911 987 1942 5.
1015 1908 1112 1952 ΒΜ]
1140 1909 1225 1941 ΕΜ
1243 1907 1277 1942 b.
1359 1906 1453 1942 ἐστιν

138 1952 218 1988 ἴσον
243 1953 306 1987 vb'.
429 1958 458 1988 6.
488 1953 583 1988 ἔστιν
609 1965 640 1988 V.
748 1955 836 2000 τῶν]
860 1953 901 1988 τό
926 1953 961 1987 b.
1072 1954 1156 1999 ΘΖ]
1184 1956 1255 1988 ΗΖ
1279 1953 1313 1988 b.
1421 1956 1451 1989 8.
1495 1978 1501 1983 -

140 2000 229 2044 ZE]
257 2001 367 2034 EZE
392 1999 425 2034 b.
507 2004 536 2034 9.
563 1999 669 2044 λόγος
689 2021 730 2026 -
754 2005 806 2035 10.
835 2000 931 2046 ΓΝ]
958 2010 1026 2034 om.
1046 1999 1080 2035 b.
1161 2003 1213 2034 13.
1242 2000 1320 2046 ΓΛ]
1343 1994 1399 2034 ΓΑ
1418 1999 1452 2034 b.

188 2047 286 2091 ΓΜ]
313 2048 404 2080 ΜΝ
425 2046 459 2080 b.
558 2045 645 2092 ἔστι]
673 2045 752 2082 ἴσον
778 2047 812 2082 b.
922 2044 978 2091 δέ]
1004 2044 1043 2080 δὲ
1070 2044 1133 2081 καί
1157 2046 1185 2080 Ρ
1210 2045 1285 2090 (καί
1309 2044 1453 2091 punctis
1494 2079 1507 2087 „

138 2091 222 2135 del.)
242 2104 274 2127 v,
347 2091 387 2127 τό
402 2092 479 2136 (alt.
496 2093 510 2138 ]
530 2103 619 2128 corr.
635 2104 678 2127 ex
697 2096 745 2140 τῷ
764 2106 809 2128 m.
826 2097 845 2127 2
865 2104 897 2127 v,
973 2096 1026 2126 14.
1048 2091 1141 2139 ἴσον]
1162 2103 1230 2127 om.
1245 2092 1279 2127 b.
1351 2091 1455 2137 λόγος
1487 2115 1502 2131 -7

137 2159 179 2163 ——
208 2143 260 2172 16.
291 2139 374 2184 ΖΘ]
400 2138 456 2173 bis
510 2167 516 2173 .
627 2143 679 2175 14.
706 2140 745 2174 τὸ
774 2140 869 2185 ΕΗ]
894 2138 962 2183 τὴν
989 2141 1074 2173 ΕΜ
1092 2139 1126 2173 b.
1233 2142 1286 2174 15.
1313 2136 1440 2178 δοθείς
1491 2135 1496 2158 ³

137 2195 252 2229 comp.
267 2185 350 2219 Vat.
450 2189 502 2220 16.
529 2185 592 2231 μή]
619 2187 682 2220 καὶ
707 2186 756 2230 μή
779 2186 814 2221 b.
894 2184 1097 2220 συνεστάτω
1121 2190 1164 2230 τῇ
1189 2184 1223 2219 b.
1320 2189 1373 2220 18.
1402 2187 1436 2219 Γ

137 2234 213 2265 ΚΓ
238 2231 272 2266 b.
393 2231 450 2276 ἴση
478 2230 607 2278 γωνία]
641 2244 708 2267 om.
735 2233 769 2267 b.
888 2237 962 2266 τῶν
988 2234 1098 2278 ΒΓΚ
1118 2231 1249 2275 Vahv,
1287 2230 1356 2266 del.
1383 2237 1454 2266 τῶν

137 2289 182 2312 m.
209 2281 229 2312 2
255 2278 357 2322 νεώς
390 2281 460 2312 ΒΓ
480 2278 514 2313 b.
636 2283 688 2315 19.
715 2277 778 2314 καί
797 2278 904 2324 (alt.)]
931 2289 999 2313 om.
1026 2278 1059 2313 b.
1183 2281 1237 2312 20.
1262 2277 1284 2323 ἡ
1305 2279 1384 2322 (pr.)
1412 2297 1452 2303 —
