1520 2508
118 440 120 442 v
160 406 232 449 καὶ
281 407 576 462 ἐπιζευχθεῖσα
623 409 650 463 ἡ
692 412 795 451 KH

87 834 131 866 10

74 1182 126 1214 -15

79 1542 124 1575 20

164 104 249 145 318
722 108 935 143 SCHOLIA.

163 270 280 310 ἔσται
317 275 368 323 τῇ
405 273 447 310 A
454 273 496 311 A
504 283 513 292 ·
554 270 740 312 πιπτέτω
781 269 829 313 δὲ
871 271 991 321 ἐντὸς
1033 273 1362 329 ὁπουδηποτοῦν
1399 284 1488 322 τοῦ

162 337 432 392 ἡμικυκλίου,
465 339 522 388 ὡς
553 339 621 381 ἐπὶ
651 341 699 382 τὸ
728 343 788 382 Κ·

161 477 329 531 διήχθω
361 477 429 520 ἐπὶ
459 479 507 521 τὸ
540 482 577 520 Θ
606 479 632 533 ἢ
664 479 789 522 ὁπου-

159 546 390 600 δηποτοῦν.
458 547 696 603 ἐπεζεύχθω
740 547 786 591 δὲ

157 614 230 657 καὶ
248 615 274 670 ἡ
294 620 399 659 ΑΘ·
426 618 652 672 διάμετρός
672 618 789 661 ἐστιν

157 684 184 739 ἡ
223 687 269 727 K
275 689 329 740 Θ,
373 687 628 742 ἡμικύκλιόν
670 688 788 731 ἐστιν

157 755 183 809 ἡ
207 757 356 797 ΚΛΘ·
389 757 502 812 ὀρθὴ
534 759 617 814 ἄρα
647 757 673 811 ἡ
701 758 786 800 ὑπὸ

155 827 303 867 ΚΑΘ·
343 828 432 868 ἔστι
463 825 511 868 δὲ
541 826 612 869 καὶ
643 828 668 882 ἡ
699 828 783 870 ὑπὸ

153 897 297 936 ΔΑΚ
323 895 453 951 ὀρθή·
487 900 575 938 ἴσαι
606 898 690 953 ἄρα
714 897 783 939 ἀλ-

153 965 316 1019 λήλαις,
347 965 373 1019 ἡ
398 968 552 1020 μείζων
582 973 632 1021 τῇ
665 966 781 1008 ἐλάσ-
1502 1007 1520 1047 t

154 1044 266 1076 σονι·
299 1034 403 1090 ὅπερ
431 1035 548 1078 ἐστὶν
573 1037 745 1078 ἄτοπον.
801 1037 880 1079 οὐκ
908 1039 991 1093 ἄρα
1022 1038 1047 1092 ἡ
1073 1040 1182 1094 πρὸς
1212 1040 1351 1095 ὀρθὰς
1381 1041 1478 1096 ἆγο-

152 1102 259 1158 μένη
301 1111 352 1160 τῇ
389 1109 480 1147 ΑΔ
522 1105 590 1147 ἐπὶ
633 1107 684 1147 τὰ
727 1106 847 1156 ἐντὸς
888 1113 966 1149 τοῦ
1008 1109 1169 1151 κύκλου
1215 1110 1273 1159 ὡς
1315 1110 1383 1152 ἐπὶ
1423 1112 1476 1155 τὰ
1498 1116 1517 1160 '3'

152 1175 212 1227 K,
237 1178 298 1228 A,
323 1177 360 1215 B
391 1183 596 1217 πεσεῖται·
635 1174 699 1217 ἐπ’
729 1175 869 1218 ἐκεῖνα
899 1178 982 1232 ἄρα
1014 1178 1071 1227 ὡς
1103 1177 1172 1220 ἐπὶ
1202 1180 1249 1221 τὸ
1281 1183 1330 1222 Ε.
1503 1172 1509 1185 ⁵

237 1256 335 1298 205.
374 1254 435 1297 ‘H
462 1259 542 1298 ΘΑ
572 1257 799 1312 διάμετρος
827 1274 867 1313 p.
896 1259 990 1314 186,
1014 1259 1061 1313 4]
1092 1260 1201 1314 πρὸς
1226 1259 1364 1315 ὀρθὰς
1391 1261 1474 1318 γὰρ
1498 1301 1499 1304 ,

149 1320 274 1377 ἦκται
310 1331 360 1381 τῇ
392 1330 477 1368 ΑΔ
513 1326 539 1380 ἡ
570 1330 675 1381 ΛΕ,
711 1326 783 1369 καὶ
812 1328 1084 1384 παράλληλος
1114 1329 1139 1383 ἡ
1170 1333 1252 1371 ΕΖ
1288 1337 1339 1385 τῇ
1370 1334 1472 1372 ΑΔ·
1498 1365 1502 1368 .

149 1394 199 1435 αἰ
219 1395 303 1449 ἄρα
326 1395 411 1437 ὑπὸ
435 1399 580 1450 ΔΛΕ,
600 1399 730 1438 ΑΕΖ
762 1395 892 1438 δυσὶν
916 1397 1072 1452 ὀρθαῖς
1097 1402 1185 1439 ἴσαι
1206 1400 1332 1440 εἰσίν·
1365 1400 1472 1443 ὥστε
1497 1394 1510 1422 s·

147 1462 219 1505 καὶ
244 1463 270 1522 ἡ
295 1466 402 1520 πρὸς
433 1472 492 1522 τῷ
517 1469 559 1507 Ε
586 1466 700 1522 ὀρθή
726 1465 860 1508 ἐστιν·
892 1466 939 1508 ἐν
963 1466 1201 1524 ἡμικυκλίῳ
1230 1469 1313 1522 ἄρα
1338 1468 1471 1512 ἐστίν·
1501 1466 1514 1482 ”

149 1533 376 1589 διάμετρος
407 1535 491 1590 ἄρα
522 1534 639 1577 ἐστὶν
668 1535 694 1589 ἡ
726 1539 828 1578 ΛΘ.
1495 1579 1498 1581 Α

233 1614 330 1656 206.
390 1615 436 1657 Ρ.
477 1616 578 1671 186,
615 1615 665 1670 7]
715 1616 855 1666 οὕτως
898 1617 979 1672 γὰρ
1022 1625 1175 1659 κεῖται·
1225 1618 1295 1661 καὶ
1341 1620 1388 1662 τὸ
1426 1623 1471 1662 Δ
1498 1636 1511 1654 ’«

147 1681 282 1725 δοθὲν
312 1682 383 1725 καὶ
415 1684 437 1726 ὁ
468 1685 624 1734 κύκλος
654 1692 704 1740 τῇ
736 1684 858 1727 θέσει
891 1686 1130 1740 δεδομένος.
1513 1687 1515 1689 ’

237 1797 315 1843 Fig.
343 1809 410 1844 ego
436 1798 574 1833 addidi.

237 1906 314 1937 205.
341 1903 481 1938 PlVat.
490 1903 581 1938 voS.
679 1907 757 1939 206.
784 1903 821 1939 P.

236 2023 266 2054 3.
293 2019 349 2065 K]
377 2022 415 2054 H
437 2030 465 2055 e.
545 2023 576 2054 5.
603 2020 887 2064 ὑπωσδηποτοῦν
913 2032 945 2054 v.
1025 2023 1055 2055 7.
1082 2021 1167 2066 ΑΘ]
1191 2023 1269 2055 ΑΗ
1291 2032 1325 2065 c,
1351 2021 1465 2058 ΑΘΕ
1494 2019 1516 2022 ¹

142 2066 227 2099 cett.
335 2065 540 2112 διάμετρος]
573 2077 687 2111 comp.
715 2066 752 2110 Ρ,
779 2065 842 2101 καί
866 2080 896 2110 ρ.
1010 2065 1120 2112 ἐστιν]
1154 2077 1268 2112 comp.
1293 2067 1461 2114 PVat.9‚
1495 2091 1496 2094 =

140 2109 183 2145 δέ
208 2122 235 2146 e.
322 2115 351 2146 8.
379 2113 468 2158 ΚΘ]
495 2124 563 2147 om.
590 2113 712 2156 Vama.
796 2111 1009 2158 ἡμικύκλιόν
1035 2112 1130 2147 ἐστιν
1155 2113 1194 2159 ἡ]
1221 2124 1289 2148 om.
1309 2114 1460 2159 ναί-’.ρο

188 2161 219 2193 9.
246 2157 358 2204 ὀρθή]
384 2169 498 2203 comp.
525 2159 710 2203 PlVat.9,
745 2158 802 2204 ἴση
829 2171 856 2194 c.
963 2162 1015 2194 11.
1043 2158 1132 2206 ἴσαι]
1160 2159 1254 2200 ἴσαις
1279 2171 1307 2195 c.
1404 2165 1460 2197 12.

139 2202 284 2251 μείζων]
304 2206 424 2248 μεῖζον
445 2217 473 2240 e.
552 2209 606 2241 13.
632 2204 742 2252 ἐστίν]
763 2217 877 2251 comp.
897 2205 935 2250 P,
961 2216 1030 2240 om.
1051 2217 1135 2248 σρο.
1210 2210 1262 2240 15.
1289 2206 1406 2243 ἐκεῖνο
1427 2221 1459 2251 ρ.

185 2250 241 2297 τό]
265 2250 312 2285 τά
336 2252 439 2287 codd.
521 2253 573 2298 E]
602 2254 669 2287 EZ
694 2266 723 2296 ρ.
822 2257 874 2288 18.
900 2253 1018 2298 ΔΑΕ]
1043 2254 1152 2287 ΑΔΕ
1176 2252 1329 2288 Vat.oS.
1404 2257 1458 2289 19.

138 2298 203 2344 τῷ]
227 2297 268 2332 τό
294 2297 327 2332 S.
424 2298 496 2342 ἄρα
523 2297 634 2345 ἐστίν]
660 2310 728 2333 om.
756 2298 882 2333 Vans.
