1520 2508
626 79 846 114 SOHOLIA.
1324 77 1409 120 281

530 208 600 252 Ad
630 225 750 266 prop.
782 209 940 253 XXVI.

28 347 31 361 ἓ
148 294 216 336 82.
261 294 323 335 Τὰ
346 297 403 350 A,
423 296 462 335 B
488 292 664 336 δέδοται
689 301 742 350 τῇ
767 292 909 336 θέσει·
940 295 1081 349 μόνον
1104 294 1188 350 γὰρ
1215 300 1267 350 τῇ
1289 292 1413 336 θέσει

38 363 236 408 «ἑδέδοται
266 365 320 407 τὰ
352 372 520 420 σημεῖα.

518 482 586 525 Ad
617 498 740 540 prop.
771 483 953 526 XXVII.

148 568 216 610 83.
264 568 324 608 Εἰ
363 564 444 622 μὲν
480 567 564 623 γὰρ
602 567 651 608 τὸ
690 569 727 608 Β
772 574 954 622 σημεῖον
997 565 1024 621 ἢ
1062 566 1185 616 ἐντὸς
1227 565 1254 620 ἢ
1292 564 1415 616 ἐκτὸς

21 642 374 707 Ξμεταπεσεϊται,
405 638 486 680 οὐκ
511 639 632 680 ἔσται
657 644 718 695 τῷ
743 637 923 693 μεγέθει
948 636 1162 692 δεδομένη
1189 637 1215 692 ἡ
1242 636 1414 679 εὐθεῖα·

18 710 102 767 ’,ξεί
131 706 180 750 δὲ
210 715 512 763 μεταπεσεῖται
543 707 570 763 ἢ
602 709 694 750 ἄνω
726 707 756 763 ἢ
785 708 917 762 κάτω,
949 707 1031 750 οὐκ
1062 710 1181 750 ἔσται
1213 715 1265 764 τῆ
1290 707 1414 750 θέσει

10 778 286 844 ᾆδεδομένη.

543 860 613 903 Ad
642 876 764 917 prop.
796 861 932 903 XXX.

27 996 41 1012 ἑ
150 945 217 988 84.
256 945 436 994 Παντὸς
465 945 549 1000 γὰρ
575 944 796 1000 τριγώνου
821 943 848 998 ἡ
876 943 998 994 ἐκτὸς
1023 946 1163 999 γωνία
1192 944 1295 988 δυσὶ
1321 953 1416 995 ταῖς

60 1016 184 1067 ἐντὸς
214 1015 288 1059 καὶ
319 1015 585 1058 ἀπεναντίον
618 1019 688 1070 ἴση
722 1014 854 1058 ἐστίν.

531 1156 600 1199 Ad
630 1171 751 1213 prop.
783 1156 939 1200 XXXI.

0 1293 30 1310 [y
151 1242 219 1285 85.
260 1240 361 1284 Ἐὰν
398 1240 553 1283 εὐθεῖα
590 1247 642 1296 τῇ
679 1239 804 1283 θέσει
842 1241 979 1297 δοθῇ,
1023 1240 1200 1283 δέδοται
1243 1240 1316 1283 καὶ
1353 1249 1414 1300 τῷ

59 1311 255 1368 μεγέθει·
288 1312 366 1355 ἐὰν
397 1318 457 1370 τῷ
489 1311 682 1368 μεγέθει,
715 1313 837 1354 οὔπω
870 1310 944 1354 καὶ
974 1318 1027 1368 τῇ
1053 1311 1193 1355 θέσει·
1227 1314 1415 1355 δύναται

59 1384 143 1440 γὰρ
174 1385 469 1438 μεταπίπτειν.

15 1451 27 1516 ὲ,
152 1467 220 1509 86.
267 1466 394 1509 Θέσει
426 1467 512 1522 ἄρα
542 1481 582 1521 p.
610 1466 678 1519 552,
704 1465 780 1521 23]
814 1466 889 1507 διὰ
920 1468 1025 1516 τοὺς
1056 1466 1200 1523 ὅρους.
1255 1468 1416 1518 κύκλος

30 1538 33 1540 ’
61 1538 145 1594 γὰρ
189 1544 241 1594 τῇ
278 1536 403 1579 θέσει
439 1535 513 1579 καὶ
550 1543 610 1594 τςό
648 1535 826 1592 μεγέθει
870 1537 1084 1580 δεδόσθαι
1128 1537 1317 1594 λέγεται,
1362 1536 1416 1582 οὗ

15 1612 29 1659 is.
63 1607 240 1652 δέδοται
271 1609 320 1650 τὸ
352 1605 433 1663 μὲν
463 1607 650 1664 κέντρον
674 1615 726 1664 τῇ
751 1607 890 1662 θέσει,
922 1607 949 1663 ἡ
976 1606 1025 1650 δὲ
1051 1608 1098 1651 ἐκ
1123 1615 1202 1652 τοῦ
1226 1608 1414 1666 κέντρου

10 1679 33 1701 ³
60 1686 121 1737 τῷ
155 1678 344 1735 μεγέθει.

152 1763 221 1805 87.
278 1764 346 1818 Τῇ
385 1760 510 1804 θέσει
553 1761 627 1804 καὶ
670 1769 730 1820 τῷ
775 1763 952 1818 μεγέθει
995 1763 1157 1812 κύκλος
1200 1763 1416 1806 δεδόσθαι

6 1840 30 1871 “.
63 1832 247 1888 λέγεται,
279 1830 332 1875 οὗ
361 1831 537 1875 δέδοται
569 1836 673 1888 κτλ.,
706 1834 764 1884 ὡς
796 1832 844 1876 ἐν
874 1841 966 1884 τοῖς
998 1834 1130 1890 ὅροις.

158 1988 214 2021 82.
240 1984 451 2029 PlVat.92.
562 1988 618 2020 83.
644 1984 1157 2029 PlVat.vMon.A.mb1-.92.c.
1267 1989 1323 2022 84.
1349 1986 1416 2022 Pz.

112 2035 168 2068 85.
193 2031 337 2067 PlVat.
346 2032 571 2077 Monwss-S.
670 2035 726 2067 86.
752 2032 840 2067 Plz.
939 2035 995 2067 87.
1021 2031 1110 2067 Pla.

159 2178 192 2211 2.
218 2175 280 2221 τα]
265 2175 354 2221 ]δῆ
355 2176 433 2219 λον,
460 2172 516 2209 ὅτι
534 2187 581 2208 τα
605 2176 634 2209 λ.
710 2174 832 2219 μόνως
856 2176 885 2209 λ.
961 2178 993 2210 6.
1021 2174 1137 2222 ἔσται]
1165 2174 1239 2211 ἔστι
1257 2176 1343 2212 Vat.
1352 2189 1416 2222 vo,

0 2114 26 2287 ξ
66 2221 140 2267 ἄρα
170 2222 270 2257 Mon.
282 2221 408 2256 Ambr.
532 2219 715 2266 δεδομένη
750 2220 850 2256 ἔσται
879 2221 1007 2257 Ambr.
1130 2226 1159 2258 7.
1195 2222 1310 2271 ἔσται]
1344 2223 1418 2259 ἔστι

15 2274 17 2276 ’
65 2269 224 2314 νΜοηρ
204 2283 243 2315 ρ,
275 2268 299 2304 ἅ
302 2282 349 2314 ρα
374 2269 500 2304 Ambr.
624 2268 726 2304 ἔσται
751 2267 934 2314 δεδομένη
960 2269 1086 2305 Ambr.
1210 2275 1263 2307 13.
1297 2272 1416 2319 δοθῇ]

0 2269 22 2467 ἒ
65 2317 201 2363 δειχθῇ
227 2315 559 2363 ρ.14.οὕπω]
587 2327 657 2352 om.
682 2316 816 2351 Mon.S
841 2316 978 2352 lacuna
1001 2316 1146 2354 relicta.

1442 957 1490 988 10

1442 1395 1487 1426 15

1442 1773 1489 1805 20
