1520 2508
666 58 808 116 Dm.
1357 75 1414 119 87

649 188 825 231 XLVII.

151 275 413 320 Rectilineae
433 274 597 330 figurae
618 272 759 328 speeie
779 272 904 314 datae
930 271 977 313 in
1002 269 1246 326 triangulos
1273 268 1416 324 speeie

66 349 187 392 datos
219 346 480 389 diuiduntur.
566 379 568 381 .

153 419 209 461 sit
245 418 385 474 figura
421 415 644 458 rectilinea
689 414 830 470 specie
869 414 970 455 data
1002 416 1090 455 ΑΒ
1100 414 1239 455 ΓΔΕ
1308 411 1418 466 dico,

65 492 245 548 figuram
293 487 562 531 rectilineam
611 487 840 528 ΑΒΓΔΕ
884 485 931 526 in
980 484 1224 540 triangulos
1275 482 1417 539 speeie

65 563 186 605 datos
218 559 362 602 diuidi.

153 633 362 674 ducantur
394 629 509 671 enim
542 631 639 683 BE,
664 629 759 669 ΕΓ.
810 626 1015 682 quoniam
1047 626 1149 668 data
1181 628 1247 667 est
1278 626 1420 681 figura

0 689 1 692 Ἴ
65 703 284 746 rectilinea
315 702 542 743 ΑΒΓΔΕ
571 700 725 755 speeie,
757 703 784 748 L
805 701 937 740 BAE
965 698 1091 740 datus
1119 697 1202 739 erit
1231 696 1331 752 [def.
1360 696 1418 751 3].

0 792 1 814 1
65 778 110 817 et
134 774 243 816 ratio
270 776 351 815 BA
372 788 380 815 ε
400 775 490 830 ΕΙΑ
522 771 623 813 data
649 773 715 812 est
742 769 850 825 [ib.].
890 769 979 811 iam
1005 768 1211 824 quoniam
1242 772 1269 817 L
1290 771 1373 809 BA
1382 770 1423 809 E

628 842 754 883 datus
800 843 866 883 est
922 843 965 882 et
1015 839 1128 881 ratio
1180 842 1269 881 BA
1295 855 1304 880 z
1331 842 1420 880 EA

211 913 247 945 Β
626 914 727 955 data
741 915 819 967 est,
833 912 878 956 Δ
891 914 1022 954 ΒΑΕ
1039 911 1166 953 datus
1182 910 1265 953 erit
1279 910 1420 966 specie

287 965 466 1014 Χ
512 1001 550 1033 Γ
625 982 911 1039 [prop.XLl].
936 983 1083 1037 itaque
1105 982 1419 1032 LABEdatus

83 1053 120 1085 Α
276 1068 279 1071 “
624 1058 690 1097 est
724 1054 823 1110 [def.
846 1054 904 1109 3].
957 1068 1110 1096 uerum
1142 1053 1273 1095 etiam
1299 1055 1421 1094 totus

626 1126 811 1182 angulus
852 1126 993 1167 ΑΒΓ
1030 1125 1156 1166 datus
1202 1126 1268 1165 est
1313 1122 1422 1178 [ib.].

0 1255 1 1258 Ἴ
98 1216 138 1250 E
449 1214 487 1251 Δ
626 1197 772 1252 itaque
835 1196 967 1238 etiam
1029 1195 1104 1251 qui
1162 1194 1423 1249 relinquitur

0 1326 1 1338 ἵ
623 1272 650 1317 L
670 1269 807 1310 ΕΒΓ
833 1267 958 1308 datus
991 1270 1057 1308 est
1079 1266 1218 1321 [prop.
1239 1265 1334 1320 IV].
1379 1268 1423 1307 et

0 1357 3 1385 ρ
68 1340 179 1383 ratio
204 1343 290 1383 AB
311 1356 319 1382 :
341 1343 428 1382 ΒΕ
451 1340 552 1382 data
577 1341 644 1381 est
670 1338 770 1394 [def.
793 1338 851 1393 3].
889 1352 1041 1379 uerum
1066 1337 1178 1379 ratio
1200 1339 1288 1378 AB
1309 1351 1318 1378 z
1339 1338 1431 1378 ΒΓ

0 1440 1 1458 ,
73 1411 173 1454 data
204 1414 269 1454 est
301 1411 410 1467 [ib.].
476 1411 622 1465 itaque
661 1409 793 1452 etiam
830 1408 942 1451 ratio
974 1411 1059 1450 ΕΒ
1079 1424 1088 1450 :
1109 1410 1199 1450 ΒΓ
1225 1409 1326 1450 data
1358 1411 1425 1449 est

3 1488 5 1535 ᾗ
71 1481 209 1538 [prop.
235 1482 375 1538 VIII]
448 1484 491 1524 et
528 1482 653 1523 datus
692 1484 758 1523 est
801 1485 829 1530 l,
850 1482 987 1522 ΓΒΕ.
1057 1494 1188 1535 quare
1227 1479 1273 1524 Δ
1295 1481 1428 1521 ΒΓΕ

71 1552 196 1610 datus
228 1555 293 1595 est
325 1553 465 1609 specie
499 1552 637 1608 [prop.
663 1551 795 1606 XLI}
858 1551 1007 1593 eadem
1039 1551 1089 1593 de
1123 1565 1252 1593 causa
1290 1550 1424 1592 etiam

4 1626 6 1675 ξ
71 1623 313 1680 triangulus
353 1626 483 1666 ΓΔΕ
525 1624 665 1679 specie
704 1623 829 1665 datus
875 1625 952 1664 est.
1028 1636 1131 1678 ergo
1175 1621 1424 1663 rectilineae

5 1697 7 1733 1
71 1693 232 1750 figurae
275 1694 413 1750 specie
453 1694 577 1736 datae
613 1694 661 1735 in
691 1693 935 1750 triangulos
975 1692 1115 1748 speeie
1154 1692 1279 1734 datos
1319 1691 1427 1733 diui-

6 1775 7 1806 }
71 1764 242 1807 duntur.

648 1829 845 1872 XLVIII.

162 1904 208 1948 Si
232 1906 278 1948 in
303 1907 452 1948 eadem
476 1909 594 1949 recta
619 1906 703 1948 duo
730 1905 940 1962 trianguli
960 1905 1264 1947 deseribuntur
1284 1904 1426 1960 specie

7 2021 9 2034 ἒ
73 1975 183 2031 dati,
214 1977 427 2019 rationem
458 1977 572 2019 inter
603 1992 647 2019 se
679 1977 903 2019 habebunt
935 1977 1092 2018 datam.

160 2062 261 2089 nam
289 2047 336 2089 in
366 2049 514 2091 eadem
545 2051 664 2090 reeta
690 2051 777 2090 AB
810 2049 894 2089 duo
926 2047 1136 2103 trianguli
1168 2047 1309 2102 speeie
1337 2046 1428 2089 dati

122 2177 195 2209 ΒΓ
247 2177 322 2210 ΒΕ
339 2175 374 2211 b.
498 2180 552 2212 18.
586 2174 726 2217 δοθείς.
754 2174 819 2211 καί
846 2175 935 2222 ἐστι]
969 2187 1038 2211 om.
1066 2175 1108 2220 b,
1142 2175 1207 2210 sed
1232 2177 1319 2220 post
1351 2173 1426 2210 ἐστί

8 2228 11 2264 ζ
73 2219 170 2266 sign.
224 2221 283 2258 ab.
305 2221 514 2258 omissionis
540 2236 587 2259 m.
611 2228 641 2259 1.
718 2224 807 2270 ἐστι]
836 2234 906 2258 om.
924 2223 1022 2268 vat„
1050 2222 1148 2258 ἐστιν
1173 2234 1206 2258 v.
1283 2227 1338 2258 20.
1367 2221 1428 2257 δέ-

9 2272 11 2302 '1
75 2268 182 2304 δοται
212 2272 261 2316 τῷ
294 2268 385 2305 εἴδει
422 2270 457 2306 b.
580 2275 635 2307 24.
675 2272 760 2318 δύο]
797 2282 867 2306 om.
900 2271 985 2306 Vat.
1109 2271 1313 2317 ἀναγραφῇ
1351 2268 1428 2314 τρί-

0 2328 1 2331 ’
75 2328 176 2360 γωνα
201 2316 286 2351 Vat.
