1520 2508
114 850 158 882 10

115 1242 158 1273 15

113 1610 160 1641 20

180 104 264 146 196
716 105 964 139 APPENDIX.
1471 0 1520 165 η

164 200 258 253 τὴν
302 202 389 240 ΖΕ
434 198 585 239 εὐθεῖα
631 198 803 252 γραμμὴ
851 193 975 250 ἦκται
1023 197 1049 251 ἡ
1092 201 1133 238 A
1140 200 1201 251 A
1247 195 1378 239 θέσει
1417 183 1520 267 ἄρα-ξ

178 266 297 309 ἐστὶν
333 267 359 320 ἡ
396 270 498 308 ΑΔ.

754 346 758 350 ·
825 335 863 376 6.

653 403 721 445 Ad
750 418 868 459 prop.
899 404 1030 445 XXX.

740 483 938 534 Ἄλλως.

1491 305 1494 306 ⁷
1511 287 1520 315 'a

267 567 483 620 Εἰλήφθω
523 564 592 607 ἐπὶ
628 571 703 619 τῆς
740 567 828 607 ΒΓ
863 566 995 619 τυχὸν
1033 573 1210 620 σημεῖον
1247 566 1294 607 τὸ
1332 568 1390 619 Ε,
1433 549 1520 606 καὶέ

182 634 420 690 ἐπεζεύχθω
464 636 490 689 ἡ
526 638 624 676 ΑΕ.
692 633 782 677 ἐπεὶ
818 633 955 676 δοθέν
992 634 1109 676 ε’στιν
1146 636 1193 676 τὸ
1230 639 1272 676 Α
1315 641 1520 688 σημεῖον,·

181 703 302 746 θέσει
333 701 417 759 ἄρα
449 703 566 746 ἐστὶν
597 703 623 757 ἡ
655 707 760 745 ΑΕ·
792 702 913 745 θέσει
945 701 993 745 δὲ
1022 703 1094 744 καὶ
1124 703 1150 757 ἡ
1181 706 1284 745 ΒΓ·
1324 705 1505 745 δοθεῖσα

181 775 264 829 ἄρα
302 772 420 815 ἐστὶν
455 773 481 827 ἡ
518 773 602 815 ὑπὸ
640 776 777 814 ΑΕΔ
819 775 966 826 γωνία.
1040 774 1128 814 ἔστι
1166 770 1214 814 δὲ
1249 771 1320 814 καὶ
1357 772 1382 826 ἡ
1420 773 1505 814 ὑπὸ

182 849 269 884 τῶν
300 845 434 884 ΑΔΕ
461 845 599 895 γωνία
630 843 828 884 δοθεῖσα·
871 840 942 883 καὶ
975 843 1103 896 λοιπὴ
1134 843 1217 897 ἄρα
1247 841 1272 894 ἡ
1303 842 1388 884 ὑπὸ
1419 850 1506 884 τῶν

183 915 307 952 ΕΑΔ
343 912 525 953 δοθεῖσᾶ
562 911 691 954 ἐστιν.
754 910 843 953 ἐπεὶ
881 909 961 953 οὖν
996 913 1104 966 πρὸς
1139 910 1260 953 θέσει
1297 910 1505 967 δεδομένῃ

182 981 334 1037 εὐθείᾳ
372 988 423 1036 τῇ
460 984 547 1022 ΕΑ
588 979 660 1022 καὶ
702 987 761 1037 τῷ
798 982 906 1036 πρὸς
943 981 1052 1036 αὐτῇ
1090 979 1306 1037 δεδομένῳ
1345 983 1504 1038 σημείῳ

182 1056 246 1106 τῷ.
273 1054 315 1091 Α
345 1050 497 1092 εὐθεῖα
528 1051 700 1106 γραμμὴ
731 1046 855 1103 ἦκται
885 1050 911 1102 ἡ
939 1054 1023 1091 ΑΔ
1055 1049 1291 1104 δεδομένην
1321 1056 1505 1092 ποιοῦσα

182 1121 348 1171 γωνίαν
378 1119 458 1173 τὴν
488 1119 573 1160 ὑπὸ
604 1126 691 1160 τῶν
722 1122 860 1172 ΕΑΔ,
892 1118 1013 1160 θέσει
1045 1120 1128 1173 ἄρα
1159 1117 1276 1160 ἐστὶν
1307 1118 1332 1173 ἡ
1365 1123 1460 1160 ΑΔ.

625 1303 692 1344 Ad
721 1235 1068 1358 prop?‘XXX111.

739 1382 941 1431 ’'Am-mg.

270 1465 486 1517 Εἰλήφθω
526 1463 594 1505 ἐπὶ
631 1470 706 1518 τῆς
743 1466 821 1505 ΓΔ
861 1461 996 1505 δοθὲν
1033 1471 1210 1518 σημεῖον
1245 1465 1293 1505 τὸ
1331 1467 1394 1518 H,
1435 1463 1506 1506 καὶ

184 1534 346 1575 κείσθω
382 1538 434 1587 τῇ
467 1535 551 1573 ΕΖ
589 1536 658 1585 ἴση
696 1531 722 1585 ἡ
753 1534 856 1573 ΗΔ.
915 1530 1078 1588 κέντρῳ
1110 1529 1276 1588 μὲντῷ
1309 1534 1373 1585 H,
1414 1532 1507 1573 δια-

185 1603 364 1657 στήματι
402 1599 449 1642 δὲ
485 1607 544 1658 τῷ
582 1604 671 1642 ΗΔ
713 1601 869 1649 κύκλος
905 1600 1142 1656 γεγράφθω
1180 1601 1202 1642 ὁ
1240 1603 1344 1642 ΔΒ·
1387 1599 1507 1642 θέσει

186 1673 268 1727 ἄρα
294 1669 411 1713 ἐστὶν
435 1670 458 1712 ὁ
477 1673 564 1712 AB
590 1670 762 1719 κύκλος·
795 1669 967 1711 δέδοται
993 1671 1074 1727 γὰρ
1101 1670 1235 1711 αὐτοῦ
1259 1671 1307 1711 τὸ
1327 1669 1508 1726 κέντρον

185 1747 236 1796 τῇ
265 1739 388 1782 θέσει
417 1738 490 1781 καὶ
519 1738 546 1793 ἡ
579 1739 625 1781 ἐκ
655 1744 732 1792 τοῦ
763 1738 944 1794 κέντρου
975 1745 1032 1795 τῷ
1065 1738 1251 1793 μεγέθει.
1295 1738 1428 1781 -θέσει
1460 1737 1508 1781 δὲ

184 1807 257 1851 καὶ
293 1809 319 1864 ἡ
358 1812 460 1851 ΑΒ·
505 1806 641 1850 δοθὲν
677 1809 759 1863 ἄρα
796 1806 885 1850 ἐστὶ
921 1809 968 1850 τὸ
1006 1811 1042 1849 Β
1081 1815 1268 1862 σημεῖον.
1335 1808 1423 1850 ἔστι
1461 1807 1508 1850 δὲ

152 1877 256 1929 -καὶ
292 1879 340 1920 τὸ
371 1881 423 1919 Η
454 1877 608 1920 δοθέν·
651 1876 774 1919 θέσει
811 1868 894 1933 ἄρα
932 1876 1051 1919 ἐστὶν
1087 1877 1113 1930 ἡ
1144 1879 1244 1918 ΒΗ.
1305 1876 1426 1919 θέσει
1458 1876 1506 1919 δὲ

279 2006 310 2038 5.
343 2001 458 2043 ἄλλως
487 2003 527 2038 τὸ
559 2002 649 2037 αὐτό
681 2013 719 2046 3,
757 2003 795 2036 et
825 2001 877 2036 sic
908 2001 1079 2046 deinceps
1104 2002 1195 2046 b(a).
1316 2005 1346 2036 6
1379 2001 1506 2082 vvffiv}

186 2047 303 2084 δοθέν
328 2059 360 2083 a.
482 2052 512 2083 7.
545 2048 656 2094 ἐστιν]
683 2047 756 2082 ἐστι
780 2059 812 2083 a.
926 2047 1014 2082 Post
1039 2053 1188 2092 σημεῖον
1213 2048 1296 2083 add.
1323 2046 1440 2083 δοθὲν
1466 2049 1489 2082 ὃ

186 2095 249 2130 καὶ
273 2095 313 2130 τὸ
340 2097 373 2129 Ε
397 2105 430 2130 a.
538 2099 569 2129 9.
598 2094 620 2139 ἡ
641 2094 735 2140 (pr.)]
761 2094 824 2129 καὶ
848 2093 871 2138 ἡ
897 2105 930 2128 v.
1034 2093 1129 2128 ἔστιν
1154 2106 1186 2129 v.
1295 2098 1348 2128 10.
1374 2094 1505 2151 ΑΔΕ]

185 2143 295 2175 ΑΕΔ
319 2152 351 2175 a.
469 2145 521 2175 11.
555 2141 667 2186 ἐστιν]
699 2153 738 2175 -ν
764 2140 846 2174 add.
873 2151 919 2174 m.
946 2144 966 2174 2
992 2151 1032 2184 v,
1066 2140 1139 2175 ἐστι
1164 2152 1196 2174 3.
1304 2138 1507 2184 δεδομένην

187 2187 340 2221 εὐθεῖαν
359 2192 402 2232 τῇ
423 2189 491 2221 ΕΒ
511 2198 542 2221 a.
629 2190 682 2221 12.
703 2187 811 2232 αὐτῇ]
830 2185 946 2229 αὐτήν
966 2198 997 2220 3.
1077 2184 1277 2233 δεδομένῳ]
1297 2197 1366 2220 om.
1379 2186 1463 2221 Vat
1473 2197 1505 2220 v.

235 2236 287 2267 13.
314 2236 342 2266 A
385 2237 417 2267 A
442 2244 474 2267 a.
511 2273 514 2276 Α
572 2236 625 2267 14.
653 2233 775 2278 ΕΑΔ]
803 2234 909 2266 ΕΔΑ
935 2243 966 2266 a.
1070 2236 1123 2267 19
1152 2233 1236 2278 ΗΛ]
1262 2236 1295 2267 Δ
1319 2231 1352 2266 b.
1443 2232 1505 2267 καὶ

186 2276 322 2325 κέντρῳ
376 2306 382 2312 .
479 2282 533 2313 20.
560 2278 706 2324 κύκλος]
733 2289 847 2323 comp.
868 2277 903 2322 b,
928 2277 1018 2312 ibem
1043 2277 1105 2312 lin.
1124 2282 1179 2313 21.
1274 2278 1359 2324 AB]
1386 2281 1447 2312 BA
1473 2290 1504 2312 v.
