1520 2508
177 103 198 141 1
211 101 266 142 92
534 114 542 123 ·
707 107 961 143 APPENDIX.
980 73 984 78 *
1460 0 1520 187 Ἄ

814 260 853 302 2.
1506 266 1520 301 ἂι

635 327 702 369 Ad
732 342 849 383 prop.
874 329 1028 372 XXIV.
1199 371 1211 380 ,
1497 302 1520 386 ζξξ

603 407 794 459 ’Ἄλλως
823 411 876 452 τὸ
907 411 1041 453 αὐτό.
1495 381 1520 484 ³³

180 532 187 541 ι
256 483 369 528 Ἐπεὶ
399 490 526 541 λόγος
557 488 645 531 ἐστὶ
675 496 751 550 τῆς
775 494 816 532 A
845 492 953 547 πρὸς
983 494 1063 546 τὴν
1089 496 1130 534 Γ
1154 494 1320 549 δοθείς,
1352 496 1410 546 ὡς
1442 476 1509 565 δὲῗι

116 561 149 602 5
176 554 202 608 ἡ
232 558 275 596 A
310 557 418 612 πρὸς
447 558 526 612 τὴν
558 561 611 613 Γ,
649 559 787 610 οὕτως
816 561 864 602 τὸ
895 560 978 603 ἀπὸ
1009 568 1084 616 τῆς
1113 567 1155 604 A
1189 565 1298 620 πρὸς
1327 566 1374 607 τὸ
1405 546 1509 617 ὑπῤ

171 630 259 666 τῶν
283 629 337 679 A,
364 628 417 680 Γ,
448 629 575 680 λόγος
605 629 689 684 ἄρα
717 628 789 671 καὶ
818 636 896 671 τοῦ
922 630 1004 672 ἀπὸ
1029 637 1104 686 τῆς
1128 637 1170 674 A
1198 634 1306 689 πρὸς
1330 635 1377 676 τὸ
1403 635 1509 678 ὑπὸ

172 700 260 735 τῶν
290 699 344 749 A,
371 698 414 737 Γ
438 697 596 747 δοθείς.
645 705 704 755 τῷ
737 697 784 740 δὲ
813 699 897 741 ὑπὸ
928 707 1016 742 τῶν
1047 705 1101 755 A,
1128 704 1170 744 Γ
1194 707 1291 745 ἴσον
1321 703 1410 745 ἐστὶ
1440 706 1487 747 τὸ
1507 707 1515 749 ζ

172 762 254 805 ἀπὸ
290 770 365 819 τῆς
396 767 450 806 Β·
494 768 631 820 λόγος
657 768 740 823 ἄρα
775 774 852 809 τοῦ
889 768 971 810 ἀπὸ
1011 776 1086 824 τῆς
1115 774 1158 811 Α
1189 772 1296 827 πρὸς
1326 773 1373 814 τὸ
1405 772 1486 815 ἀπὸ

172 839 247 887 τῆς
272 836 308 875 Β
340 835 504 884 δοθείς·
537 837 644 878 ὥστε
674 835 745 878 καὶ
775 843 849 892 τῆς
874 842 915 879 A
945 839 1052 894 πρὸς
1076 841 1155 909 τὴν
1167 843 1216 881 Β
1247 843 1374 895 λόγος
1398 841 1520 884 ε’στὶῖ·

106 909 149 940 10
174 903 333 952 δοθείς.

622 1067 690 1110 Ad
719 1001 1041 1133 proffXXVII.
1066 1095 1069 1098 -

722 1148 922 1200 ’‘Ammg.
973 1175 976 1178 ·

208 1254 211 1257 Δ
259 1227 436 1287 Κέντρῳ
474 1230 557 1286 γὰρ
593 1237 652 1288 τῷ
684 1235 744 1286 A,
788 1232 1042 1287 διαστήματι
1078 1231 1126 1275 δὲ
1161 1241 1220 1291 τῷ
1253 1218 1338 1277 ΑΒ
1368 1250 1485 1291 περι-
1510 1115 1520 1293 ³

102 1314 144 1346 15
171 1297 321 1352 φέρειοι
357 1299 592 1355 γεγράφθω
630 1300 656 1354 ἡ
690 1303 827 1342 ΓΒΔ·
870 1300 990 1344 θέσει
1027 1303 1109 1358 ἄρα
1147 1302 1262 1346 ἐστὶν
1292 1304 1318 1358 ἡ
1351 1307 1484 1347 ΓΒΔ.
1515 1300 1520 1342 Ῠ

169 1366 290 1410 θέσει
327 1366 375 1410 δὲ
409 1368 481 1411 καὶ
519 1369 545 1423 ἡ
583 1373 668 1412 AB
713 1370 879 1412 εὐθεῖα·
929 1370 1063 1414 δοθὲν
1105 1374 1188 1428 ἄρα
1231 1372 1319 1416 ἐστὶ
1361 1375 1409 1416 τὸ
1448 1347 1520 1441 B}

171 1445 358 1492 σημεῖον
1517 1452 1520 1460 “

808 1546 846 1586 4.

642 1612 710 1654 Ad
739 1628 855 1668 prop.
886 1594 1016 1656 XXX.

38 1698 67 1754 .'
99 1708 144 1740 20
600 1692 791 1743 ’Ἁλλως
820 1695 873 1736 τὸ
904 1695 1050 1738 αὐτ.ό.’

250 1768 408 1828 ’Ήχθω
446 1774 519 1816 διὰ
555 1781 632 1817 τοῦ
663 1779 705 1817 Α
736 1777 912 1830 σημείου
949 1783 1001 1832 τῇ
1031 1780 1112 1819 ΒΛ
1121 1779 1162 1819 Γ
1190 1759 1340 1834 εὐθείᾳ
1375 1792 1482 1832 παρ-

170 1843 353 1898 άλληλος
375 1843 402 1898 ἡ
421 1847 502 1886 ΕΛ
511 1847 558 1886 Ζ.
584 1843 674 1886 ἐπεὶ
693 1842 772 1887 οὖν
792 1846 863 1887 διὰ
888 1845 1122 1901 δεδομένου
1147 1849 1325 1902 σημείου
1344 1854 1421 1890 τοῦ
1440 1853 1482 1890 A
1489 1901 1492 1905 Ι

263 2020 294 2052 3.
319 2016 360 2052 τὸ
386 2016 490 2062 αὐτό]
518 2027 585 2052 om.
612 2029 645 2052 V.
753 2021 784 2052 4.
810 2018 894 2070 τῆς]
921 2024 984 2053 τοῦ
1010 2029 1042 2054 a.
1148 2018 1230 2066 τήν]
1255 2019 1296 2054 τό
1322 2031 1354 2055 a.
1450 2024 1481 2055 6,

152 2063 257 2109 ψτῶν]
284 2074 371 2098 corr.
398 2073 442 2097 ex
466 2062 531 2107 τήν
555 2075 601 2098 m.
629 2067 649 2098 2
675 2064 775 2108 Vah,
806 2063 896 2098 item
918 2064 983 2100 lin.
1011 2068 1030 2099 7
1055 2064 1103 2100 in
1224 2069 1254 2101 7.
1280 2063 1338 2112 δέ]
1364 2077 1479 2111 comp.

170 2120 279 2154 supra
305 2121 336 2144 a.
420 2109 474 2156 τό]
499 2112 548 2156 τῷ
573 2121 604 2145 a
683 2114 714 2146 8.
742 2111 786 2157 Β]
815 2113 878 2145 ΓΒ
903 2123 936 2146 v.
1019 2112 1097 2157 τῆς]
1122 2116 1186 2146 τοῦ
1211 2122 1243 2147 a.
1315 2115 1344 2146 A
1387 2115 1414 2147 Β
1439 2112 1477 2156 Ρ,

169 2158 232 2189 BA
263 2167 295 2190 v.
420 2159 451 2192 9.
484 2158 609 2202 B(pr.)
597 2156 631 2202 )]
659 2157 762 2202 ΓΡ,
796 2160 860 2192 ΓΒ
885 2169 918 2193 v.
1049 2161 1102 2194 10.
1133 2158 1221 2192 Post
1245 2159 1371 2199 ὃοθες
1395 2158 1478 2194 add.

170 2200 321 2249 ἑκατέρᾳ
359 2200 427 2246 γὰρ
463 2208 534 2237 τῶν
571 2205 651 2247 (τῆς
680 2203 778 2248 Vat.)
815 2207 860 2248 A,
887 2207 914 2238 Β
952 2202 1031 2244 ἴσας
1070 2203 1319 2248 ἐπορισάμεθα
1356 2204 1395 2239 ἐν
1420 2207 1480 2257 τῷ

169 2247 300 2300 οἰκείῳ
321 2247 457 2296 ἑκάστῳ
487 2250 696 2296 τετραγώνῳ
727 2250 828 2294 Vat.,
859 2262 930 2294 mg.
956 2262 1002 2286 m.
1031 2254 1048 2285 1
1075 2250 1103 2284 Ρ
1134 2261 1215 2285 cum
1241 2250 1344 2296 signo
1370 2241 1479 2285 omis-

105 2339 108 2342 ἢ
169 2284 291 2329 εἰοιιὶἐ.
388 2299 440 2330 13
468 2295 580 2336 ἄλλως
601 2295 640 2331 τὸ
660 2286 748 2331 αὐτό
767 2296 850 2331 Vat.
859 2307 891 2332 a.
990 2300 1041 2332 14.
1062 2295 1288 2343 περιφέρεια]
1310 2308 1424 2342 comp.
1445 2308 1477 2333 a.
