1520 2508
582 67 585 70 y
633 21 775 54 DATA.
858 67 863 71 ,
1328 17 1386 60 15

20 95 148 175 161580
194 117 324 161 etiam
360 118 541 172 utifaque
584 114 840 172 magnitudo
884 117 995 170 ΑΓ,
1033 117 1121 157 ΓΒ
1172 115 1274 157 data
1317 118 1386 157 est

20 190 176 247 [μορ.
205 188 280 244 IIJ.

646 256 769 299 VIII.

16 355 18 386 ἑ
97 370 100 374 -
125 342 240 392 Quae
272 342 325 385 ad
355 342 470 384 idem
494 340 707 383 rationem
732 340 897 382 habent
921 340 1082 396 datam,
1113 339 1245 383 etiam
1269 340 1387 383 inter

14 388 82 459 186
109 413 321 456 rationem
350 405 573 455 habebunt
605 411 761 453 datam.

12 473 15 534 f
122 484 280 527 habeat
305 483 420 526 enim
443 486 674 537 utrumque
701 486 756 538 Α,
776 484 819 524 Γ
843 482 895 524 ad
919 485 957 524 B
982 482 1198 525 rationem
1224 483 1384 525 datam.

10 547 14 618 1}
35 555 144 612 dico,
173 555 304 598 etiam
335 558 378 596 A
409 554 462 597 ad
494 555 537 596 Γ
567 553 782 595 rationem
812 553 1066 595 habiturum
1098 569 1191 596 esse
1223 554 1386 596 datam.

121 641 223 669 nam
249 626 306 668 sit
332 626 434 668 data
455 625 708 682 magnitudo
728 628 782 667 A.
829 627 872 667 et
899 625 1103 679 quoniam
1129 624 1242 667 ratio
1262 628 1327 666 A:
1342 627 1383 666 Β

9 672 136 740 ³data
172 700 256 753 est,
298 697 444 739 eadem
481 699 609 751 atque
646 695 723 738 illa
761 696 839 738 fiat
875 696 987 738 ratio
1025 700 1068 738 A
1089 712 1097 738 :
1117 699 1166 738 E.
1228 710 1382 738 uerum

33 798 696 833 Al———————-—-—*--1
732 798 776 829 Ax
1377 806 1382 830 ι

5 870 80 911 {Bu
732 867 781 900 E÷
1105 876 1109 899 4

32 938 70 972 Γ
77 947 580 972 1—————-—1
738 938 766 970 Z
779 946 1290 971 1————-——-1

0 991 4 1010 1

0 1011 290 1083 {magnitudo
333 1030 377 1068 A
427 1027 528 1068 data
577 1029 654 1068 est.
729 1026 829 1067 data
878 1029 944 1068 est
986 1026 1122 1082 igitur
1165 1026 1298 1068 etiam
1341 1029 1386 1068 E

0 1110 2 1155 ζ
34 1097 173 1152 [prop.
192 1096 269 1152 11].
311 1111 460 1139 rursus
488 1096 692 1151 quoniam
716 1096 830 1138 ratio
849 1093 887 1138 Β
903 1113 911 1138 :
927 1098 970 1138 Γ
995 1097 1096 1139 data
1122 1100 1200 1153 est,
1231 1097 1380 1140 eadem

0 1158 1 1162 ¹
33 1170 163 1223 atque
193 1167 269 1209 illa
298 1167 376 1209 fiat
406 1166 518 1209 ratio
551 1170 617 1208 E:
640 1170 686 1208 Z.
741 1182 892 1209 uerum
923 1167 1176 1224 magnitudo
1209 1171 1251 1210 E
1280 1169 1384 1210 data

29 1241 108 1280 est.
177 1238 276 1280 data
314 1241 380 1280 est
415 1237 552 1294 igitur
590 1237 722 1280 etiam
762 1241 797 1279 Z
837 1237 989 1293 [ibid.].
1058 1253 1209 1281 uerum
1247 1239 1380 1282 etiam

27 1308 280 1364 magnitudo
311 1312 355 1350 A
392 1308 492 1350 data
530 1311 606 1352 est.
667 1308 812 1364 itaque
850 1309 962 1351 ratio
1000 1313 1072 1351 A:
1095 1313 1131 1351 Ζ
1173 1311 1274 1353 data
1312 1314 1380 1353 est

33 1378 172 1435 [prop.
186 1378 238 1434 I].
272 1382 315 1421 et
335 1379 538 1435 quoniam
558 1383 624 1422 est
643 1384 686 1421 A
702 1382 761 1421 :B
778 1383 971 1422 =A:E
993 1383 1036 1423 et
1055 1383 1314 1424 B:F=E:
1331 1385 1379 1435 Ζ,

32 1464 84 1492 ex
115 1463 249 1504 aequo
282 1450 363 1492 erit
389 1449 461 1506 [V7
481 1450 555 1506 22]
588 1455 631 1492 A
651 1467 660 1492 :
682 1453 724 1493 Γ
737 1471 792 1485 =
813 1455 856 1493 A
877 1467 885 1493 :
908 1454 956 1493 Z.
1007 1453 1083 1494 sed
1108 1452 1220 1495 ratio
1246 1457 1291 1495 A
1310 1469 1319 1494 z
1342 1456 1380 1495 Z-

31 1519 132 1562 data
162 1523 239 1562 est.
300 1536 401 1578 ergo
433 1521 564 1564 etiam
594 1522 707 1565 ratio
739 1526 811 1564 A:
832 1525 875 1564 Γ
900 1523 1001 1565 data
1032 1526 1098 1565 est
1131 1523 1230 1579 [def.
1257 1524 1316 1579 2].

661 1652 733 1694 IX.

118 1731 164 1775 Si
195 1733 301 1775 duae
333 1734 402 1775 uel
431 1735 575 1790 plures
605 1735 924 1791 magnitudines
949 1736 1064 1778 inter
1091 1751 1135 1779 se
1160 1737 1377 1780 rationem

28 1803 190 1846 habent
220 1805 364 1847 datam
396 1808 439 1847 615
471 1806 643 1848 eaedem
674 1806 994 1864 magnitudines
1028 1808 1082 1849 ad
1113 1807 1220 1850 alias
1253 1823 1379 1864 quas-

29 1874 127 1916 dam
175 1875 491 1932 magnitudines
541 1877 732 1919 rationes
781 1877 945 1920 habent
1000 1879 1148 1935 datas,
1204 1879 1375 1922 etiamsi

30 1945 202 1987 eaedem
236 1961 324 1989 non
362 1950 480 2004 sunt,
523 1948 656 1990 etiam
693 1948 794 1991 illae
832 1948 1154 2005 magnitudines
1184 1949 1298 1992 inter
1329 1965 1376 1993 se

27 2015 219 2058 rationes
249 2016 472 2060 habebunt
503 2018 637 2061 datas.

115 2087 223 2129 duae
255 2087 369 2137 enim
398 2089 468 2131 uel
498 2089 642 2144 plures
674 2090 996 2146 magnitudines
1028 2095 1082 2145 A,
1108 2094 1159 2146 Β,
1185 2094 1228 2133 Γ
1257 2092 1376 2134 inter

73 2217 128 2250 18.
155 2215 200 2261 A]
227 2219 255 2250 B
282 2226 315 2252 a.
412 2220 466 2253 23.
493 2217 600 2265 ἄλλα]
627 2218 764 2264 ἄλληλα
791 2230 830 2262 a3
862 2218 954 2254 item
977 2231 1012 2264 p.
1042 2224 1097 2265 16,
1124 2224 1156 2256 2.
1256 2224 1313 2257 24.
1341 2215 1375 2256 εἰ

26 2260 106 2308 καί]
132 2273 201 2297 om.
229 2263 261 2308 6.
360 2264 493 2305 αὐτοὺς
519 2265 560 2300 δέ
585 2267 617 2312 6.
718 2271 773 2302 26.
801 2266 952 2313 ἄλληλα]
979 2266 1067 2314 ἄλλη
1093 2267 1179 2304 Vat.
