1520 2508
165 98 221 139 28
357 92 362 97 ’
539 83 548 91 “
694 100 958 135 ΔΕΔοΜΕΝΑ.

252 195 310 248 μὴ
353 195 459 236 ἔστω
498 195 551 248 δὴ
589 194 612 236 ὁ
652 194 781 244 αὐτὸς
822 193 894 236 καὶ
929 196 1180 248 πεποιήσθω
1218 195 1276 244 ὡς
1311 196 1365 237 τὸ..
1394 188 1483 240 ΛΕ

164 264 273 317 πρὸς
299 265 390 317 ΓΔ,
421 263 558 313 οὕτως
588 264 636 306 τὸ
660 266 750 306 HA
778 265 887 320 πρὸς
910 266 1006 306 ΓΖ·
1038 266 1165 317 λόγος
1195 265 1278 319 ἄρα
1306 263 1379 306 καὶ
1403 263 1485 315 τοῧ

164 334 405 387 ΗΑ,πρὸς
440 334 487 374 τὸ
527 335 613 375 ΖΓ
646 334 805 383 δοθείς.
866 332 1000 376 δοθὲν
1037 332 1084 375 δὲ
1119 335 1167 375 τὸ
1206 336 1304 376 ΖΓ·
1348 332 1485 379 δοθὲιᾶ

165 404 248 457 ἄρα
279 402 429 444 καὶτὸ
459 406 565 444 HA.
623 406 712 445 ἔστι
744 402 791 445 δὲ
818 403 890 445 καὶ
920 405 968 445 τὸ
998 407 1079 445 ΕΑ
1110 402 1262 445 δοθέν·
1292 402 1363 446 καὶ
1393 408 1482 446 λοι-ὲ

117 480 138 511 5
164 473 248 514 πὸν
285 473 368 527 ἄρα
405 474 468 514 τὸ,
490 469 587 514 ΕΗ
617 472 752 515 δοθέν
788 472 917 515 ἐστιν.
986 472 1058 514 καὶ
1095 472 1183 515 ἐπεὶ
1220 473 1278 523 ὡς
1313 475 1360 515 τὸ
1396 477 1493 517 ΑΠ’Ἴ

163 542 273 596 πρὸς
303 543 351 583 τὸ
384 544 482 596 ΓΔ,
519 542 657 592 οὕτως
687 544 734 585 τὸ
765 545 853 584 HA
888 544 995 598 πρὸς
1031 544 1079 584 τὸ
1112 545 1204 597 ΖΓ,
1240 545 1366 596 λόγος
1399 545 1489 599 ἄροίτ

163 610 236 652 καὶ
260 618 337 653 τοῦ
357 614 446 653 ΗΒ
478 613 586 667 πρὸς
612 615 698 653 ΖΔ
728 613 887 663 δοθείς.
935 615 1011 654 καί
1032 612 1122 655 ἐστι
1146 611 1281 654 δοθὲν
1306 613 1353 654 τὸ
1372 615 1468 655 ΕΗ
1469 615 1493 640 '⁶'-

163 682 212 722 τὸ
238 683 320 722 ΕΒ
353 682 435 737 ἄρα
466 688 543 723 τοῦ
577 684 661 724 ZA
693 682 869 724 δοθέντι
899 685 1042 737 μεῖζόν
1073 682 1163 725 ἐστι
1194 682 1219 736 ἢ
1251 682 1298 724 ἐν
1329 685 1454 740 λόγῳ.

791 825 827 851 ιε
848 842 858 850 .

93 899 138 931 10
248 889 348 932 Ἐὰν
379 891 460 932 δύο
491 890 652 945 μεγέθη
676 891 784 946 πρὸς
809 892 970 944 ἄλληλα
997 893 1127 943 λόγον
1151 892 1224 946 ἐχῃ
1250 889 1493 946 δεδομένον

162 958 234 1000 καὶ
266 959 488 1015 ἀφαιρεθῇ
519 959 602 1002 ἀπὸ
634 959 836 1016 ἑκατέρου
862 960 1006 1002 αὐτῶν
1030 959 1264 1015 δεδομένον
1288 959 1517 1016 μέγεθος»

162 1029 215 1069 τὰ
247 1030 375 1071 λοιπὰ
405 1030 513 1085 πρὸς
537 1030 700 1083 ἄλληλα
724 1030 819 1083 ἤτοι
844 1031 976 1082 λόγον
1000 1029 1081 1079 ἕξει
1107 1029 1354 1084 δεδομένον,
1384 1030 1410 1083 ἢ
1435 1030 1506 1084 τὰ,

162 1097 312 1153 ἕτερον
342 1105 419 1140 τοῦ
451 1097 598 1154 ἑτέρου
630 1098 807 1141 δοθέντι
837 1101 980 1154 μεῖζόν
1011 1098 1129 1150 ἐστιν
1159 1098 1184 1152 ἢ
1217 1099 1263 1141 ἐν
1294 1101 1419 1156 λόγῳ.

254 1169 335 1210 δύο
372 1169 454 1224 γὰρ
491 1168 653 1223 μεγέθη
691 1170 742 1210 τὰ
771 1171 876 1222 AB,
904 1171 945 1210 Γ
939 1173 982 1210 A
1017 1170 1125 1223 πρὸς
1161 1170 1323 1222 ἄλληλα
1354 1171 1488 1222 λόγον

93 1247 137 1278 15
165 1237 294 1292 ἐχέτω
336 1237 590 1293 δεδομένον,
625 1237 698 1280 καὶ
728 1238 972 1294 ἀφῃρήσθω
1004 1237 1080 1293 ἀφ’
1108 1237 1310 1293 ἑκατέρου
1342 1239 1487 1280 αὐτῶν

163 1306 399 1361 δεδομένον
429 1307 632 1362 μέγεθος,
663 1308 745 1350 ἀπὸ
777 1306 856 1362 μὲν
885 1313 963 1349 τοῦ
991 1310 1077 1349 AB
1108 1309 1155 1349 τὸ
1186 1311 1291 1362 EA,
1322 1307 1404 1349 ἀπὸ
1435 1299 1509 1350 δὲ’

161 1382 240 1418 τοῦ
267 1378 347 1418 ΓΔ
377 1378 424 1418 τὸ
452 1379 548 1419 ΓΖ·
580 1376 703 1431 λέγω,
735 1378 800 1419 ὅτι
829 1378 881 1418 τὰ
911 1378 1039 1419 λοιπὰ
1064 1378 1115 1418 τὰ
1140 1380 1235 1431 ΕΒ,
1263 1379 1346 1418 ZA
1376 1378 1484 1433 πρὸς
1507 1372 1509 1375 ’

83 1485 88 1490 .
143 1446 326 1499 ’ἄλληλα
363 1447 457 1500 ἤτοι
493 1449 625 1500 λόγον
660 1445 742 1497 ἔξει
779 1446 1031 1501 δεδομένον,
1075 1446 1100 1500 ἢ
1136 1448 1184 1488 τὸ
1222 1445 1369 1502 ἕτερον
1405 1450 1510 1494 τοῦ]

162 1514 310 1571 ἑτέρου
343 1515 522 1558 δοθέντι
552 1519 695 1572 μεῖζόν
726 1516 842 1558 ἐστιν
873 1515 898 1570 ἢ
931 1516 978 1558 ἑν
1008 1518 1134 1573 λόγῳ.

90 1594 136 1626 20
250 1584 340 1627 ἐπεὶ
371 1586 452 1641 γὰρ
484 1584 685 1640 ἑκάτερον
716 1593 803 1628 τῶν
826 1589 926 1640 ΑΕ,
953 1588 1031 1627 ΓΖ
1063 1584 1198 1627 δοθέν
1223 1586 1324 1640 ἐστι,
1355 1587 1483 1639 λόγος

160 1656 244 1711 ἄρα
281 1661 359 1697 τοῦ
389 1659 479 1698 ΑΕ
517 1658 626 1711 πρὸς
657 1658 736 1698 ΓΖ
773 1656 933 1705 δοθείς.
1005 1654 1076 1696 καὶ
1113 1656 1152 1696 εἰ
1185 1653 1263 1709 μὲν
1299 1655 1322 1697 ὁ
1353 1655 1511 1712 οιύτόςῑΛῚ

163 1724 252 1766 ἐστι
283 1730 342 1781 τῷ
375 1730 452 1766 τοῦ
481 1727 568 1766 AB
598 1726 707 1780 πρὸς
738 1726 829 1779 ΓΔ,
863 1727 980 1766 ἔσται
1010 1723 1081 1765 καὶ
1112 1727 1266 1766 λοιποῦ
1296 1730 1374 1765 τοῦ
1399 1721 1507 1765 ΕΒ’

159 1795 269 1848 πρὸς
299 1795 453 1836 λοιπὸν
483 1795 530 1835 τὸ
564 1797 642 1835 ZA
673 1796 799 1847 λόγος
829 1795 988 1844 δοθείς.

246 1865 303 1918 μὴ
341 1866 447 1906 ἔστω
486 1864 539 1918 δὴ
577 1863 599 1906 ὁ
637 1864 784 1918 αὐτός,
827 1863 897 1905 καὶ
933 1866 1183 1917 πεποιήσθω
1221 1864 1279 1912 ὡς
1314 1865 1362 1905 τὸ
1392 1865 1479 1905 AB
1507 1883 1509 1886 ·

89 1942 136 1973 25
160 1934 268 1987 πρὸς
301 1935 399 1988 ΓΔ,
431 1933 568 1983 οὕτως
597 1934 645 1975 τὸ
675 1936 776 1975 AH
799 1934 906 1989 πρὸς
936 1934 983 1975 τὸ
1016 1935 1105 1975 ΓΖ.
1167 1934 1294 1986 λόγος
1325 1931 1372 1974 δὲ
1402 1937 1482 1974 τοῦ

256 2064 286 2095 2.
313 2060 353 2094 τὸ
383 2062 444 2095 ΓΛ
470 2071 502 2095 a.
597 2059 637 2094 τὸ
666 2061 736 2094 ΖΓ
756 2070 786 2093 a.
883 2058 987 2103 λόγος
1005 2078 1048 2084 -
1069 2061 1099 2093 3.
1130 2058 1323 2104 zr(a1t.)]
1349 2068 1418 2092 om.
1445 2068 1478 2092 a.
1512 2085 1515 2099 2

205 2109 237 2140 3.
268 2108 338 2140 ΖΓ
354 2106 590 2151 (utrumque)]
619 2108 686 2140 ΓΖ
710 2116 743 2141 v.
840 2109 871 2139 5.
897 2105 969 2139 ἐστι
995 2104 1099 2140 codd.
1195 2103 1335 2140 ἐπεί-
1359 2107 1389 2140 ’1.
1416 2104 1492 2139 δο-·
1514 2131 1515 2134 ¹

157 2151 256 2198 θείς]
282 2151 368 2187 ὅλου
393 2158 456 2187 τοῦ
483 2154 554 2186 ΗΒ
579 2152 669 2195 πρὸς
695 2150 779 2187 ὅλον
803 2151 843 2186 τὸ
866 2154 926 2186 ΖΔ
950 2150 1055 2195 λόγος
1080 2150 1152 2185 ἐστὶ
1177 2149 1305 2191 δοθείς
1329 2162 1361 2185 a.
1445 2152 1477 2184 6.

160 2199 241 2244 ΗΑ]
269 2202 338 2234 HA
363 2211 396 2234 v.
473 2199 558 2243 ΖΓ]
580 2201 646 2233 ΓΖ
667 2210 700 2233 v.
775 2201 804 2233 7.
831 2197 925 2232 ἐστιν
950 2209 982 2232 v.
1054 2197 1094 2232 τὸ
1115 2196 1232 2233 δοθὲν
1251 2198 1291 2232 τό
1310 2197 1349 2231 P.
1423 2199 1476 2230 12.

160 2245 233 2291 ἔχει
258 2246 290 2293 β.
393 2248 446 2280 17.
481 2246 562 2290 ΓΖ]
592 2247 662 2279 ΖΓ
682 2255 714 2280 a.
820 2246 873 2279 18.
901 2243 972 2289 ἔχει
998 2255 1030 2278 a.
1132 2248 1186 2290 20.
1212 2245 1299 2289 τῶν]
1325 2243 1366 2278 τό
1391 2242 1475 2277 Vat.

205 2295 260 2326 21.
287 2292 349 2327 καὶ
374 2297 438 2326 τοῦ
465 2303 496 2326 a.
594 2295 647 2326 ⁶22.
674 2291 738 2337 τῷ]
764 2301 832 2325 om.
859 2301 890 2325 a.
1261 2295 1269 2302 “
