1520 2508
168 81 226 121 30
380 103 382 105 -
674 81 940 114 ΔΕΔΟΜΕΝΑ.

170 177 257 220 ΑΒ
290 175 398 230 πρὸς
422 175 470 215 τὸ
495 175 574 215 ΓΔ
606 174 771 222 δοθείς·
803 175 929 227 λόγος
952 175 1036 229 ἄρα
1065 173 1136 215 καὶ
1160 180 1238 215 τοῦ
1263 177 1360 232 ΑΗ
1383 175 1442 230 πρ
1492 177 1520 227 ἦ

173 245 223 286 τὸ
244 246 325 285 ΓΖ
351 245 517 292 δοθείς·
549 240 685 302 δοθὲν
709 239 756 284 δὲ
778 243 825 284 τὸ
846 245 942 284 ΓΖ·
975 240 1110 284 δοθὲν
1128 244 1211 298 ἄρα
1228 242 1300 285 καὶ
1318 245 1366 285 τὸ
1385 248 1426 285 Α
1455 260 1459 261 ’

174 316 266 358 ἔστι
304 311 352 354 δὲ
387 312 459 354 καὶ
495 314 544 354 τὸ
580 315 670 354 ΑΕ
704 312 855 354 δοθέν·
903 312 975 354 καὶ
1011 313 1164 354 λοιπὸν
1199 311 1294 367 ἄρα’
1317 314 1364 355 τὸ
1400 316 1441 355 Ε
1504 327 1518 333 ”

173 381 310 423 δοθέν
340 381 469 423 ε’στιν.
518 381 588 423 καὶ
620 381 798 431 ἐπεὶ’ὡς
827 383 874 423 τὸ
900 385 984 423 ΑΒ
1015 383 1123 437 πρὸς
1153 383 1200 423 τὸ
1233 383 1324 435 ΓΔ,
1354 382 1465 425 οὕτω

169 452 218 493 τὸ
243 453 342 492 ΑΗ
358 452 475 506 ’πρὸς
499 452 546 493 τὸ
574 453 668 506 ΓΖ,
699 455 853 493 λοιποῦ
878 452 961 506 ἄρα
985 457 1062 492 τοῦ
1087 453 1176 492 ΗΒ
1206 452 1314 506 πρὸς
1338 453 1467 499 λοιπῖ
1486 449 1504 470 ”

143 523 218 563 ’τὸ
252 524 338 562 ΖΔ
382 522 509 574 λόγος
546 519 635 562 ε’στὶ
671 521 830 568 δοθείς.
902 523 977 562 καί
1011 520 1099 562 ε’στι
1130 518 1264 562 δοθὲν
1300 522 1347 574 τὸ
1378 523 1472 563 ΕΗ
1503 528 1516 575 j

102 902 146 932 10

80 1229 145 1280 v15

99 1595 144 1628 20

170 592 218 632 τὸ
251 593 333 632 ΕΒ
367 592 449 646 ἄρα
482 596 560 631 τοῦ
593 593 682 631 ΖΛ·
703 589 879 631 δοθέντι
910 591 1053 643 μεῖζόν
1084 587 1203 632 ἐστιν’
1231 589 1257 643 ἢ
1288 590 1335 632 ἐν
1365 588 1503 651 Mun}

1476 678 1495 698 η

794 756 832 785 ις
855 774 864 782 .
1494 783 1496 785 ,

254 822 353 864 Ἐὰν
378 823 458 864 δύο
483 822 644 877 μεγέθη
669 823 776 877 πρὸς
801 823 962 875 ἄλληλα
988 824 1119 875 λόγον
1144 824 1216 877 ἔχῃ
1242 811 1508 885 δεδομένον,ξ’ξ

171 892 243 935 καὶ
274 892 357 934 ἀπὸ
388 890 466 947 μὲν
497 898 574 934 τοῦ
606 891 701 941 ἑνὸς
728 892 871 933 αὐτῶν
897 890 1130 945 δεδομένον
1154 891 1337 945 μέγεθος
1361 885 1520 959 ἀφαι-ἦξῗ

172 967 296 1018 ρεθῇ,
321 968 379 1018 τῷ
407 962 454 1003 δὲ
479 960 606 1018 ἑτέρῳ
632 961 776 1003 αὐτῶν
802 960 1034 1015 δεδομένον
1055 960 1238 1015 μέγεθος
1255 965 1474 1016 προστεθῇ
1490 960 1520 1015 J'g

174 1033 223 1073 τὸ
256 1032 359 1073 ὅλον
397 1037 473 1072 τοῦ
505 1034 659 1072 λοιποῦ
696 1029 873 1072 δοθέντι
903 1032 1046 1084 μεῖζον
1076 1032 1193 1072 ἔσται
1229 1029 1253 1083 ἢ
1285 1030 1332 1072 ἐν
1362 1019 1520 1087 2167]un

258 1102 339 1143 δύο
382 1101 464 1155 γὰρ
507 1099 670 1154 μεγέθη
705 1100 756 1141 τὰ
790 1102 895 1153 ΑΒ,
922 1101 962 1140 Γ
957 1103 1000 1141 Δ
1036 1101 1166 1152 λόγον
1204 1099 1328 1153 ἐχέτω
1367 1041 1520 1207 δεδωῖ

170 1169 322 1225 μένον,
358 1168 430 1211 καὶ
462 1169 543 1211 ἀπὸ
575 1166 654 1223 μὲν
683 1174 760 1210 τοῦ
793 1171 834 1210 Γ
828 1172 871 1210 Δ
902 1167 1135 1223 δεδομένον
1164 1168 1348 1223 μέγεθος
1378 1168 1487 1223 ἀφῃ-

171 1242 324 1295 ρήσθω
356 1240 404 1281 τὸ
437 1241 535 1292 ΓΕ,
579 1245 637 1295 τῷ
675 1236 721 1279 δὲ
752 1241 836 1279 ΑΒ
875 1237 1109 1292 δεδομένον
1144 1209 1520 1293 μέγεθοςιπροο-ἕξ

170 1311 333 1352 κείσθω
371 1310 418 1350 τὸ
452 1312 547 1350 ZA.
613 1306 741 1362 λέγω,
783 1308 848 1350 ὅτι
885 1308 988 1350 ὅλον
1018 1308 1065 1349 τὸ
1105 1310 1184 1349 ΖΒ
1220 1266 1520 1414 τοῦ’λοιποῦέ

169 1385 248 1421 τοῦ
279 1382 367 1420 ΕΔ
398 1377 575 1420 δοθέντι
605 1379 747 1432 μεῖζόν
778 1376 895 1419 ἐστιν
926 1377 950 1430 ἣ
982 1376 1028 1418 ε’ν
1058 1379 1183 1433 λόγῳ.
1510 1414 1514 1415 ⁷

257 1447 347 1490 ἐπεὶ
382 1448 464 1503 γὰρ
503 1448 629 1500 λόγος
666 1445 755 1488 ἐστὶ
785 1435 868 1488 ’τοῦ
898 1449 983 1487 ΑΒ
1013 1447 1121 1501 πρὸς
1153 1448 1231 1487 ΓΔ
1261 1439 1426 1500 δοθείςῖ,
1461 1414 1520 1500 6}

170 1519 300 1567 αὐτὸς
336 1517 452 1574 αὐτῷ
489 1514 698 1569 γεγονέτω
736 1522 813 1557 τοῦ
850 1519 949 1557 AH
984 1516 1091 1571 πρὸς
1132 1517 1179 1557 τὸ
1218 1518 1316 1557 ΓΕ·
1359 1515 1520 1588 λόγοςῖξ

170 1589 254 1644 ἄρα
290 1586 362 1629 καὶ
398 1592 476 1628 τοῦ
506 1589 606 1628 AH
642 1586 749 1641 πρὸς
785 1587 832 1627 τὸ
865 1587 947 1627 ΓΕ
981 1587 1146 1634 δοθείς·
1189 1583 1323 1627 δοθὲν
1359 1583 1405 1627 δὲ
1436 1585 1485 1627 τὸ
1510 1587 1520 1643 ’ξ

171 1659 272 1699 ΓΕ·
316 1654 451 1699 δοθὲν
493 1657 577 1711 ἄρα
618 1654 689 1697 καὶ
725 1656 772 1696 τὸ
810 1658 913 1696 AH.
986 1657 1075 1696 ἔστι
1118 1653 1165 1696 δὲ
1205 1653 1276 1696 καὶ
1314 1655 1361 1696 τὸ
1399 1647 1520 1709 ΑΖξΙ

171 1727 323 1770 δοθέν·
367 1726 470 1768 ὅλον
506 1727 590 1781 ἄρα
625 1727 672 1767 τὸ
706 1727 799 1766 ΖΗ
830 1723 965 1766 δοθέν
1002 1723 1129 1766 ἐστιν.
1194 1723 1265 1765 καὶ
1302 1722 1390 1765 ἐπεὶ
1427 1712 1520 1779 ὠςῖἐ

169 1798 217 1839 τὸ
249 1799 333 1838 AB
370 1797 478 1851 πρὸς
514 1797 561 1837 τὸ
600 1797 697 1848 ΓΔ,
739 1794 876 1843 οὕτως
912 1795 959 1835 τὸ
996 1796 1095 1834 ΑΗ
1128 1794 1236 1848 πρὸς
1273 1795 1371 1846 ΓΕ,
1413 1791 1485 1834 ’καὶ
1510 1784 1520 1841 ’,

170 1861 325 1908 λοιποῦ
351 1871 427 1907 τοῦ
452 1867 541 1906 ΗΒ
566 1866 674 1921 πρὸς
698 1865 850 1906 λοιπὸν
874 1865 921 1905 τὸ
941 1866 1027 1904 ΕΛ
1057 1865 1184 1916 λόγος
1211 1861 1299 1904 ἐστὶ
1324 1864 1484 1911 δοθείς.
1513 1915 1516 1919 ¹

269 2042 299 2073 1.
325 2037 431 2082 λόγος
456 2038 543 2083 ἄρα]
570 2048 637 2071 om.
665 2047 696 2072 a.
770 2039 800 2070 2.
830 2038 895 2070 ΓΖ
914 2036 1008 2081 (pr.)]
1031 2037 1096 2069 ΓΖ
1120 2034 1224 2078 λόγος
1249 2033 1322 2069 ἐστι’
1346 2045 1378 2069 a.
1449 2037 1482 2068 3.

174 2084 270 2119 ἔστιν
296 2096 328 2119 v.
437 2088 472 2119 4.'
496 2081 573 2118 ἐπεί
602 2105 639 2109 -
669 2087 698 2118 5.
729 2083 808 2127 ΓΖ]
835 2093 902 2116 om.
930 2092 961 2116 a.
1058 2084 1088 2115 5.
1115 2080 1202 2126 ἄρα]
1229 2091 1296 2115 om.
1323 2091 1354 2115 a.
1450 2083 1481 2114 6.

172 2129 269 2166 ἐστίν
295 2142 326 2165 v.
437 2134 465 2165 7.
502 2131 583 2176 ΖΔ]
612 2132 673 2164 ΖΑ
699 2129 782 2163 Vat.
883 2126 1048 2173 δοθέντι]
1075 2126 1190 2162 δοθέν
1217 2138 1247 2162 a.
1352 2126 1424 2161 ἐστι
1448 2136 1480 2161 a.

218 2180 271 2212 10.
298 2175 380 2223 μέν]
406 2187 474 2211 om.
502 2177 533 2222 β.
637 2179 690 2210 13.
717 2175 805 2210 Post
831 2177 893 2209 ΓΔ
918 2174 1000 2210 add.
1027 2173 1117 2217 πρὸς
1141 2173 1274 2218 ἄλληλα
1299 2184 1331 2208 a.
1427 2175 1480 2208 14.

146 2224 232 2259 ·καὶ
257 2223 330 2258 ἀπὸ
357 2221 438 2268 μέν]
464 2223 537 2257 ἀπὸ
563 2221 604 2257 δέ
630 2233 661 2258 a.
767 2218 981 2266 δεδομένον]
1008 2231 1076 2255 om.
1102 2231 1134 2254 a.
1249 2223 1301 2254 16.
1327 2219 1367 2254 τό
1386 2218 1482 2264 (pr.)]

91 2310 93 2312 ,
169 2281 279 2315 supra
317 2269 400 2304 add.
439 2281 483 2304 m.
514 2273 533 2303 2
571 2269 608 2304 P.
740 2267 839 2313 ὅλον]
877 2275 944 2302 om.
978 2278 1009 2301 a.
1133 2267 1218 2311 τοῦ]
1255 2277 1323 2301 om.
1355 2266 1480 2300 νεών.
