1520 2508
30 87 55 133 ³*
609 71 829 106 SCHOLIA.
1308 67 1396 110 263

525 179 596 221 Ad
627 179 723 221 deff.
756 179 913 220 9—10.

130 263 197 305 10.
247 263 309 303 Τὰ
340 263 366 306 ξ
404 269 494 304 τῶν
532 251 563 303 δ
600 260 783 303 δοθέντι
820 261 967 316 μεῖζόν
1005 259 1143 302 ἐστιν·
1187 267 1280 309 τοῖς
1311 260 1396 316 γὰρ

32 333 140 376 δύο·
172 330 245 375 καὶ
277 333 330 374 τὰ
362 322 397 374 δ
420 340 511 375 τῶν
544 333 568 377 ξ
600 330 782 374 δοθέντι
809 332 990 374 ἔλαττόν
1016 330 1155 373 ἐστιν·
1187 338 1280 381 τοῖς
1310 331 1395 387 γὰρ

19 403 122 446 ’,δύο
152 403 287 445 πάλιν
320 402 585 458 δεδομένοις.

573 496 642 539 Ad
674 497 754 539 def.
791 497 858 539 11.
1445 502 1467 532 5

130 569 195 610 11.
247 569 311 610 Τὸ
345 567 371 622 ἣ
404 567 452 610 ἐν
483 570 598 626 λόγῳ
633 566 732 610 ἀντὶ
764 573 844 609 τοῦ
869 565 973 624 παρ’
1002 566 1025 609 ὃ
1058 567 1106 610 ἐν
1132 569 1262 625 λόγῳ.
1310 569 1396 622 ἔχει

0 686 2 703 ξ
37 637 89 682 δὲ
118 641 199 694 τὴν
232 638 466 694 ἀναφορὰν
497 639 607 695 πρὸς
637 639 686 681 τὸ
718 640 883 693 μεῖζον·
915 638 1035 694 παρὰ
1066 644 1282 680 τοσοῦτον
1311 639 1396 694 γὰρ

37 710 119 752 οὐκ
151 711 300 764 ἔχουσι
333 711 467 763 λόγον
499 708 694 751 δοθέντα
725 710 779 751 τὰ
812 709 894 751 δύο
926 708 1113 764 μεγέθη,
1153 707 1258 764 παρ’
1288 708 1397 751 ὅσον

0 758 237 838 ξιῑὺπερέχει
275 781 324 823 τὸ
362 781 412 823 ἓν
448 786 528 822 τοῦ
566 778 717 836 ἑτέρου
756 778 939 821 δοθέντι
978 777 1066 821 τινὶ
1097 778 1295 834 μεγέθει,
1342 777 1396 822 οὗ

0 839 2 890 ἶ
37 850 362 907 ἀφαιρεθέντος
402 851 650 907 εὑρίσκεται
692 849 765 893 καὶ
802 849 826 893 ὁ
865 849 1100 905 δεδομένος
1138 852 1269 904 λόγος
1306 858 1396 892 τῶν
1422 856 1467 888 10

25 922 121 964 δύο
152 926 369 977 μεγεθῶν.
431 923 472 964 εἰ
501 919 582 977 μὲν
613 922 696 978 γὰρ
730 922 867 963 λείπει
902 921 952 963 τὸ
990 919 1017 975 ἢ
1055 920 1104 963 ἐν
1135 923 1272 978 λόγῳ,
1311 921 1397 976 ἀφ-

21 991 295 1049 αιρεθέντος
325 998 404 1034 τοῦ
435 991 728 1049 ὑπερέχοντος
766 991 850 1034 ἀπὸ
884 997 964 1033 τοῦ
995 993 1193 1046 μείζονος
1223 993 1272 1034 τὸ
1305 995 1396 1034 λοι-

21 1051 123 1106 ’πὸν
158 1064 269 1120 πρὸς
300 1063 350 1105 τὸ
382 1062 533 1120 ἕτερον
572 1067 671 1105 ἴσον
709 1062 841 1105 ἐστίν.
903 1063 945 1104 εί
980 1060 1028 1104 δὲ
1059 1064 1315 1119 πρόσκειται
1346 1064 1396 1105 τὸ

36 1133 65 1189 ἢ
103 1134 151 1177 ἐν
182 1136 320 1192 λόγῳ,
361 1133 684 1190 ἀφαιρεθέντος
721 1139 801 1175 τοῦ
832 1132 1123 1189 ὑπερέχοντος
1161 1132 1308 1176 οὐκέτι
1346 1134 1396 1176 τὸ

16 1206 195 1259 Ιἓλοιπὸν
238 1205 349 1261 πρὸς
391 1206 440 1247 τὸ
486 1204 636 1261 ἕτερον
675 1208 794 1259 ἴσον,
839 1202 935 1246 ἀλλ’
977 1206 1063 1259 ἔχει
1107 1205 1207 1246 τινὰ
1248 1206 1395 1259 λόγον.
1423 1211 1467 1242 15

16 1262 184 1332 ἕμεῖζον
228 1273 310 1319 οὖν
354 1275 445 1318 ε’στι
489 1277 537 1318 τὸ
580 1276 629 1318 ἓν
672 1273 860 1331 μέγεθος
902 1280 982 1317 τοῦ
1020 1273 1172 1332 ἑτέρου
1215 1274 1242 1330 ἢ
1286 1276 1398 1318 ὥστε

14 1352 217 1402 ποιῆσαι
256 1349 402 1401 λόγον.
464 1346 542 1389 ἐὰν
580 1343 663 1389 οὗν
699 1346 726 1400 ἡ
758 1346 951 1403 ὑπεροχὴ
985 1345 1198 1401 δεδομένη
1230 1342 1279 1403 ᾗ,
1323 1345 1397 1388 καὶ

37 1417 62 1460 ὁ
93 1419 223 1472 λόγος
255 1417 491 1473 δεδομένος
523 1417 657 1460 ἐστίν.

571 1511 641 1554 Ad
673 1511 754 1554 def.
790 1512 855 1553 12.

130 1583 197 1625 12.
238 1582 371 1626 Ἀπὸν
396 1584 479 1639 γὰρ
506 1584 555 1625 τὸ
581 1579 828 1637 προστεθὲν
855 1581 1111 1637 ἐλυμαίνετο
1137 1583 1218 1638 τὴν
1245 1581 1396 1637 σχέσιν
1422 1589 1468 1621 20

9 1706 12 1708 ξ
38 1659 117 1696 τοῦ
150 1653 390 1709 δεδομένου
422 1655 569 1708 λόγου.

10 1781 12 1783 ,
134 1749 188 1781 10.
221 1745 630 1791 PlVa1:.vC¹Mon.96;
669 1746 779 1781 initio
807 1746 911 1782 add:
945 1746 997 1786 εἰς
1026 1746 1067 1781 τὸ
1101 1745 1191 1781 αὐτό
1229 1745 1290 1790 0¹3
1328 1758 1395 1791 pro

37 1798 115 1848 wig
140 1791 210 1838 γάρ
236 1792 301 1829 lin.
322 1797 342 1828 3
370 1814 414 1820 —
442 1792 659 1839 δεδομένοις
683 1793 747 1828 lin.
770 1798 792 1828 4
817 1794 911 1828 haec
936 1793 1054 1828 habet
1079 1792 1143 1828 0¹:
1171 1793 1302 1833 δοθεὶς
1324 1793 1395 1839 γὰρ

7 1848 13 1883 ἒ
39 1851 60 1887 ὁ
86 1852 118 1898 β.
177 1852 196 1887 ὁ
230 1850 297 1888 οὖν
330 1855 354 1889 ξ
385 1852 404 1888 ὃ
427 1852 504 1907 -τὴν
536 1851 737 1898 ἀφαίρεσιν
771 1851 978 1898 ὑπομείνας
1008 1858 1081 1887 τῶν
1114 1852 1183 1887 δύο
1214 1853 1315 1900 αὐτῷ
1347 1856 1397 1900 τῷ

4 1942 6 1944 .
38 1909 290 1955 ἀφαιρεθέντι
321 1917 394 1946 τῶν
426 1913 450 1946 δ
484 1909 614 1956 μείζων
647 1909 755 1947 ἐστίν.
881 1915 935 1947 11.
973 1911 1102 1955 C²l223
1140 1910 1251 1946 initio
1283 1910 1394 1946 huius

4 1958 10 1979 -”
41 1957 176 1992 scholii
201 1957 294 1993 haec
319 1958 436 1993 habet
462 1958 523 1994 0²:
554 1958 584 1995 f
592 1958 689 2002 ζήτει
713 1959 754 1994 τὸ
781 1965 933 2004 σημεῖον
958 1964 1068 1994 τοῦτο
1095 1957 1148 1999 εἰς
1173 1959 1259 1998 τοὺς
1285 1957 1396 2003 ὅρους

4 2050 7 2057 ,
37 2010 112 2040 τῶν
132 2003 354 2050 δεδομένων.
395 2005 542 2052 σχόλιον
563 2005 615 2046 εἰς
633 2006 698 2041 τὸν
719 2005 808 2051 ὅρον
827 2012 901 2042 τῶν
922 2004 1135 2050 δεδομένων
1154 2019 1177 2051 η
1204 2007 1288 2051 (ras.
1308 2005 1394 2052 del.)

42 2052 250 2109 ἷ(ἔνθαῖ)
281 2064 322 2100 τὸ
355 2062 476 2110 ῥηθὲν
502 2071 663 2110 σημεῖον.
714 2065 744 2102 f
774 2065 922 2111 signum
952 2065 992 2100 in
1023 2067 1130 2101 textu
1156 2064 1202 2100 Ο2
1231 2065 1317 2101 hab.
1345 2065 1397 2101 ad.

0 2122 9 2161 s
39 2109 112 2146 def.
139 2111 198 2146 θ’.
278 2115 352 2154 ,12
380 2111 808 2157 PlVat.vC¹M0n.⁶92.

136 2209 168 2240 4.
202 2204 432 2253 δεδομένοις]
465 2219 529 2241 -να
562 2206 661 2241 Mon.
790 2210 821 2241 9.
854 2204 1040 2253 ὑπερέχει]
1071 2205 1293 2253 ὑπερβάλλει
1324 2206 1393 2242 1²2.

0 2283 2 2286 ,
89 2255 143 2287 12.
170 2251 416 2299 ὑπερέχοντος
440 2253 515 2288 ἀπὸ
541 2254 622 2300 τοῦ]
649 2252 833 2294 δοθέντος
859 2253 926 2288 1²2.
1050 2257 1104 2290 14.
1130 2252 1394 2301 ὑπερέχοντος]

0 2311 11 2339 ’ς
38 2304 104 2334 τοῦ
132 2298 313 2341 δοθέντος
338 2298 506 2345 μείζονος
530 2299 597 2336 1²7..
700 2305 754 2336 16.
782 2302 907 2346 μεῖζον
932 2322 980 2327 -
1005 2304 1059 2337 18.
1087 2299 1202 2348 ἐστίν]
1230 2313 1300 2337 om.
1325 2301 1394 2337 122..
