1520 2508
1492 0 1520 118 ἐξ

1495 29 1499 48 f

1504 119 1520 146 ἶι

1505 156 1520 175 ἦ

155 212 286 251 θεῖσα
317 208 342 262 ἡ
373 209 459 251 ὑπὸ
490 217 577 251 τῶν
608 213 733 251 ΒΑΔ
764 212 916 263 γωνία·
954 210 1127 254 δέδοται
1159 213 1242 268 ἄρα
1273 214 1321 254 τὸ
1353 216 1484 256 ΑΒΔ

156 280 374 333 τρίγωνον
397 284 456 335 τῷ
482 279 604 320 εἴδει·
636 279 819 322 δοθεῖσα
844 281 928 336 ἄρα
953 279 1069 323 ἐστὶν
1094 281 1119 335 ἡ
1144 282 1229 324 ὑπὸ
1247 290 1334 324 τῶν
1353 286 1484 324 ΑΒΔ
1514 274 1520 283 ²

157 349 306 400 γωνία.
369 349 459 389 ἔστι
490 345 538 390 δὲ
566 346 639 389 καὶ
670 347 696 401 ἡ
726 348 811 391 ὑπὸ
842 343 929 391 τῶν
960 353 1092 392 ΒΑΓ
1117 353 1254 404 γωνία
1285 353 1483 393 δοθεῖσα·
1507 349 1520 400 ζ

157 414 229 457 καὶ
256 417 384 470 λοιπὴ
410 418 493 472 ἄρα
515 417 541 471 ἡ
566 417 652 459 ὑπὸ
676 425 765 460 τῶν
783 421 913 461 ΑΓΒ
938 420 1122 462 δοθεῖσά
1147 420 1279 462 ἐστιν·
1312 420 1484 463 δέδοται
1511 407 1520 464 {³3

112 496 133 526 5
158 486 242 540 ἄρα
271 487 320 528 τὸ
352 489 490 528 ΑΒΓ
512 489 728 541 τρίγωνον
757 494 817 544 τῷ
848 489 965 530 εἴδει.
1513 497 1520 502 ”

158 113 214 155 84
563 113 565 115 ’
687 117 953 152 AEAOMENA.

782 614 866 669 μς’-
1511 668 1513 671 ,

242 693 341 736 Ἐὰν
378 697 595 750 τρίγωνον
631 697 735 750 μίαν
775 698 849 751 ἔχῃ
886 699 1051 749 γωνίαν
1088 696 1344 751 δεδομένην,
1386 697 1520 754 περὶ

158 761 206 805 δὲ
248 765 384 818 ἄλλην
426 767 591 818 γωνίαν
634 766 683 806 αἱ
720 764 902 821 πλευραὶ
945 768 1269 821 συναμφότεραι
1312 767 1370 815 ὡς
1408 769 1483 821 μία

157 835 266 888 πρὸς
301 835 381 888 τὴν
417 836 573 888 λοιπὴν
610 837 742 888 λόγον
779 837 906 889 ε”χωσι
937 834 1191 890 δεδομένον,
1228 835 1400 877 δέδοται
1435 837 1483 877 τὸ
1510 884 1516 893 1,

91 912 136 943 10
159 906 374 958 τρίγωνον
404 910 463 960 τῷ
495 905 611 946 εἴδει.

246 974 352 1014 ἔστω
391 975 607 1028 τρίγωνον
644 975 692 1015 τὸ
725 977 861 1015 ΑΒΓ
893 976 996 1028 μίαν
1033 976 1132 1028 ἕχον
1168 976 1332 1027 γωνίαν
1363 975 1483 1015 δεδο-
1508 960 1520 1023 J

159 1041 295 1096 μένην
326 1044 405 1097 τὴν
435 1042 520 1084 ὑπὸ
552 1050 639 1084 τῶν
665 1047 706 1084 Α
715 1046 752 1084 Β
762 1046 808 1097 Γ,
839 1042 937 1099 περὶ
967 1042 1016 1084 δὲ
1046 1044 1181 1097 ἄλλην
1211 1045 1376 1096 γωνίαν
1406 1029 1520 1101 mv}

156 1111 242 1153 ὑπὸ
274 1118 362 1154 τῶν
394 1114 524 1154 ΒΑΓ
553 1113 602 1153 αἱ
627 1115 829 1166 πλευραί,
866 1111 1060 1154 τουτέστι
1097 1114 1422 1167 συναμφότερος
1457 1108 1520 1203 ἡΞ

72 1234 75 1235 ⁷
159 1183 291 1223 ΒΑΓ
313 1182 422 1237 πρὸς
452 1183 531 1235 τὴν
557 1184 645 1223 ΒΓ
669 1183 801 1235 λόγον
829 1180 955 1236 ἐχέτω
982 1180 1233 1236 δεδομένον·
1266 1180 1389 1236 λέγω,
1420 1182 1485 1224 ὅτι

92 1259 135 1290 15
160 1251 208 1291 τὸ
242 1253 379 1292 ΑΒΓ
402 1253 617 1306 τρίγωνον
649 1250 823 1292 δέδοται
852 1257 911 1308 τῷ
943 1252 1059 1293 εἴδει.
1502 1213 1520 1319 ἒ

246 1321 473 1374 τετμήσθω
505 1321 587 1375 γὰρ
618 1320 644 1373 ἡ
672 1321 757 1362 ὑπὸ
783 1327 871 1362 τῶν
890 1323 1021 1362 ΒΑΓ
1044 1322 1181 1373 γωνία
1207 1322 1305 1374 δίχα
1329 1327 1380 1375 τῇ
1399 1320 1520 1374 ΑΔξ

159 1389 327 1445 εὐθείᾳ·
360 1391 478 1431 ἔστιν
509 1391 592 1446 ἄρα
624 1390 682 1439 ὡς
713 1392 1041 1445 συναμφότερος
1070 1389 1096 1443 ἡ
1122 1392 1253 1431 ΒΑΓ
1275 1390 1382 1444 πρὸς
1406 1374 1520 1443 τὴνζξ

162 1460 255 1511 ΓΒ,
286 1458 312 1512 ἡ
332 1462 374 1499 Α
382 1461 419 1500 Β
449 1459 558 1514 πρὸς
582 1460 662 1513 τὴν
686 1462 779 1500 ΒΔ.
829 1461 956 1512 λόγος
981 1457 1028 1500 δὲ
1052 1465 1130 1500 τοῦ
1155 1436 1520 1529 συναμφοτέρουὲἶ

159 1534 234 1581 τῆς
253 1530 386 1569 ΒΑΓ
409 1529 516 1584 πρὸς
540 1530 620 1583 τὴν
643 1531 721 1570 ΓΒ
748 1530 913 1578 δοθείς·
945 1530 1073 1581 λόγος
1097 1529 1180 1583 ἄρα
1204 1527 1276 1569 καὶ
1300 1534 1375 1582 τῆς
1401 1530 1484 1569 ΑΒ
1518 1559 1519 1562 ¹

90 1605 135 1636 20
159 1598 267 1653 πρὸς
303 1598 383 1651 τὴν
415 1600 502 1639 ΒΔ
540 1598 701 1647 δοθείς.
760 1599 836 1639 καί
869 1596 957 1639 ἐστι
996 1598 1179 1639 δοθεῖσα
1215 1597 1241 1650 ἡ
1276 1597 1361 1638 ὑπὸ
1398 1527 1516 1677 vetavi

159 1670 291 1708 ΑΒΔ
316 1669 470 1721 γωνία·
503 1665 676 1708 δέδοται
701 1668 784 1722 ἄρα
808 1668 856 1708 τὸ
876 1670 1008 1708 ΑΒΔ
1038 1668 1254 1722 τρίγωνον
1278 1672 1337 1722 τῷ
1363 1667 1516 1718 εἶδενᾷ

161 1726 342 1778 δοθεῖσα
373 1738 456 1791 ἄρα
488 1734 605 1778 ἐστὶν
634 1735 660 1789 ἡ
691 1735 776 1778 ὑπὸ
807 1742 895 1777 τῶν
920 1734 1045 1777 ΒΑΔ
1075 1738 1223 1789 γωνία.
1272 1737 1347 1776 καί
1369 1716 1515 1843 {dvm}

160 1806 293 1859 αὐτῆς
323 1806 565 1847 διπλασίων
589 1804 615 1858 ἡ
640 1804 725 1847 ὑπὸ
752 1807 897 1846 ΒΑΓ·
930 1805 1111 1846 δοθεῖσα
1136 1806 1219 1860 ἄρα
1245 1803 1333 1846 ἐστὶ
1357 1803 1429 1846 καὶ
1458 1803 1514 1871 ἡῖ

159 1875 245 1917 ὑπὸ
270 1882 358 1916 τῶν
378 1877 513 1916 ΒΑΓ.
563 1875 652 1915 ἔστι
682 1871 730 1915 δὲ
760 1873 832 1915 καὶ
856 1874 882 1927 ἡ
906 1873 991 1915 ὑπὸ
1016 1881 1104 1915 τῶν
1125 1876 1263 1916 ΑΒΓ
1286 1863 1520 1956 δοθεῖσα·Ξ

92 1951 136 1983 25
161 1943 234 1986 καὶ
259 1945 386 1998 λοιπὴ
413 1945 496 1999 ἄρα
521 1942 547 1996 ἡ
572 1943 657 1984 ὑπὸ
677 1949 765 1984 τῶν
785 1945 914 1984 ΑΓΒ
941 1943 1123 1985 δοθεῖσά
1148 1943 1282 1985 ἐστιν·
1314 1941 1484 1984 δέδοται
1514 1977 1520 2004 Α.

161 2015 244 2070 ἄρα
275 2014 323 2055 τὸ
355 2015 492 2054 ΑΒΓ
515 2014 731 2068 τρίγωνον
761 2018 820 2068 τῷ
852 2013 968 2053 εῖδει.

255 2165 286 2195 3.
316 2162 442 2206 ΒΑΓ]
468 2160 689 2204 A13‚Arb.
786 2164 817 2195 4.
844 2161 968 2205 ΑΓΒ]
994 2162 1096 2194 ΑΓΔ
1121 2159 1154 2194 b.
1258 2163 1288 2194 5.
1315 2159 1397 2203 seq.
1423 2159 1484 2194 de·

162 2208 310 2241 monstr.
339 2206 468 2251 altera,
494 2218 527 2241 u.
556 2218 638 2256 app.
730 2227 738 2235 -
759 2210 789 2241 6.
816 2206 895 2251 μς’]
922 2217 991 2240 om.
1017 2206 1040 2239 b
1067 2207 1153 2249 (non
1178 2206 1223 2251 β).
1343 2209 1373 2240 8.
1401 2207 1520 2256 συν-[ᾗ

162 2253 383 2298 αμφότεραι]
410 2264 478 2288 om.
506 2252 540 2287 b.
639 2256 693 2288 11.
721 2252 811 2298 ἔχων
835 2252 869 2287 b.
963 2256 1015 2286 13.
1042 2250 1223 2287 τουτέστιν
1249 2251 1353 2286 codd.
1430 2254 1482 2286 14.
1518 2287 1520 2291 ,

165 2300 289 2344 ΒΑΓἸ
324 2296 430 2334 ΒΑΓ
455 2299 503 2339 ὡς
533 2297 599 2343 μία
627 2298 662 2333 b.
762 2299 851 2345 ΒΓ]
880 2301 943 2333 ΓΒ
968 2298 1002 2332 b.
1119 2301 1171 2333 18.
1198 2298 1237 2343 ἡ]
1265 2296 1377 2338 οὕτως
1400 2297 1423 2342 ἡ
1448 2297 1482 2332 b.
1512 2310 1520 2330 ι
