1520 2508
170 107 253 149 184
547 111 551 115 “
694 107 959 141 AEAOMENA
1007 84 1009 86 ’
1134 160 1139 166 Ι
1442 0 1520 147 ἔ.

167 202 334 251 δοθείς·
379 202 506 254 λόγος
537 202 620 256 ἄρα
650 199 722 242 καὶ
753 176 1082 257 συναμφοτέρου
1112 206 1187 255 τῆς
1218 203 1347 242 ΒΑΓ
1371 202 1494 258 πρὸς

109 297 115 303 ·
167 272 245 325 τὴν
276 273 360 311 AA
392 270 552 319 δοθείς.

102 834 145 865 10

103 1251 146 1282 15

253 339 376 393 λέγω,
407 339 473 381 ὅτι
503 338 574 380 καὶ
604 340 653 381 τὸ
682 339 767 382 ὑπὸ
799 338 1129 395 συναμφοτέρου
1159 345 1234 394 τῆς
1259 342 1388 381 ΒΑΓ
1409 339 1500 387 mh?

168 415 242 463 τῆς
271 413 353 450 EA
384 408 520 450 δοθέν
552 409 680 451 ε’στιν.
758 406 761 408 ’
1492 403 1503 470 Ἰ

256 478 345 520 ἐπεὶ
386 479 468 533 γὰρ
513 480 743 532 ἰσογώνιόν
786 478 874 521 ἐστι
910 480 957 521 τὸ
996 481 1133 536 ΑΕΓ
1167 480 1380 534 τρίγωνον
1421 484 1478 536 τῷ

167 551 299 590 AEB
335 549 552 604 τριγώνῳ,
594 550 710 590 ἔστιν
747 549 829 604 ἄρα
866 549 923 598 ὡς
958 548 984 602 ἡ
1016 551 1096 590 BA
1131 548 1239 603 πρὸς
1268 549 1347 602 τὴν
1375 543 1481 602 ΔΕ,

169 618 307 667 οὕτως
337 617 363 671 ἡ
395 619 488 659 ΑΓ
515 618 623 672 πρὸς
658 618 736 671 τὴν
769 619 860 659 ΓΕ.
921 618 979 666 ὡς
1009 615 1056 658 δὲ
1086 617 1111 670 ἡ
1143 619 1234 658 ΑΓ
1262 615 1369 672 πρὸς
1402 618 1480 672 τὴν

171 689 268 741 ΓΕ,
299 687 437 736 οὕτως
468 685 558 729 ἐστὶ
589 689 914 742 συναμφότερος
939 687 964 741 ἡ
990 689 1122 728 ΒΑΓ
1143 687 1251 742 πρὸς
1275 687 1353 740 τὴν
1378 688 1480 728 ΒΓ·

169 756 240 798 καὶ
265 757 323 806 ὡς
347 758 673 812 συναμφότερος
698 758 780 812 ἄρα
804 756 830 810 ἡ
850 759 980 798 ΒΑΓ
999 757 1107 812 πρὸς
1124 757 1203 810 τὴν
1223 758 1316 809 ΓΒ,
1347 755 1482 806 οὕτως

171 825 288 868 ἐστὶν
318 826 344 880 ἡ
370 829 451 868 BA
480 827 588 882 πρὸς
611 827 691 880 τὴν
715 830 822 868 AE·
853 827 901 868 τὸ
933 827 1015 882 ἄρα
1044 826 1128 868 ὑπὸ
1154 824 1506 880 συναμφοτέρου-

169 902 243 950 τῆς
267 898 398 938 ΒΑΓ
415 894 486 937 καὶ
510 901 585 950 τῆς
603 899 684 937 EA
708 895 824 937 ἐστιν
851 900 946 937 ἴσον
970 901 1028 952 τῷ
1053 895 1137 937 ὑπὸ
1163 903 1251 937 τῶν
1277 897 1370 948 ΓΒ,
1390 898 1481 936 BA.

170 963 304 1007 δοθὲν
335 963 383 1006 δὲ
412 966 460 1006 τὸ
490 965 575 1007 ὑπὸ
606 972 694 1007 τῶν·
719 967 811 1019 ΓΒ,
830 968 911 1006 BA
919 952 927 987 ἶ
961 952 1095 1007 δοθὲν
1121 966 1204 1020 ἄρα
1230 963 1300 1006 καὶ
1325 965 1372 1006 τὸ
1397 952 1520 1006 ὑπὸ-4

171 1033 501 1099 συναμφοτέρου
532 1040 606 1088 τῆς
637 1037 766 1076 ΒΑΓ
789 1033 860 1076 καὶ
891 1041 965 1088 τῆς
995 1038 1092 1076 ΕΔ.
1512 1030 1514 1033 ’

791 1160 874 1211 οδ’.

256 1242 355 1285 Ἐὰν
385 1243 547 1285 κύκλου
579 1241 814 1297 δεδομένου
839 1249 890 1298 τῇ
915 1241 1036 1284 θέσει
1064 1241 1132 1284 ἐπὶ
1156 1247 1230 1296 τῆς
1255 1240 1487 1297 διαμέτρου

175 1310 310 1355 δοθὲν
340 1320 518 1367 σημεῖον
549 1316 719 1368 ληφθῇ,
762 1311 844 1354 ἀπὸ
877 1310 933 1370 δὲι
954 1311 1031 1353 τὀῦ
1062 1313 1239 1366 σημείου
1274 1312 1382 1366 πρὸς
1411 1313 1488 1354 τὸν

173 1382 333 1424 κύκλον
362 1384 620 1437 προσβληθῇ
645 1397 710 1431 τις
737 1382 886 1423 εὐθεῖα
916 1379 987 1422 καὶ
1012 1380 1094 1422 ἀπὸ
1125 1387 1199 1434 τῆς
1222 1386 1352 1436 τομῆς
1381 1382 1489 1436 πρὸς

174 1450 312 1506 ὀρθὰς
342 1450 457 1506 ἀχθῇ
493 1457 544 1506 τῇ
575 1452 822 1506 διαχθείσῃ,
859 1451 932 1492 διὰ
962 1448 1010 1492 δὲ
1046 1455 1123 1492 τοῦ
1150 1452 1347 1505 σημείου,
1382 1449 1485 1492 καθ’
1518 1442 1520 1457 ³

107 1598 151 1630 20

108 1947 151 1978 25

175 1519 464 1575 δ’συμβάλλει
493 1520 520 1574 ἡ
550 1521 658 1576 πρὸς
688 1521 826 1576 ὀρθὰς
850 1527 901 1575 τῇ
926 1522 1188 1576 περιφερείᾳ,
1217 1519 1489 1575 παράλληλος
1515 1519 1519 1524 “

176 1589 290 1645 ἀχθῇ
327 1596 377 1645 τῇ
415 1591 662 1645 διαχθείσῃ,
706 1588 842 1632 δοθέν
878 1589 966 1632 ἐστι
1007 1590 1055 1631 τὸ
1092 1597 1286 1644 σημεῖον,
1327 1588 1430 1631 καθ’
1465 1589 1488 1631 ὃ

175 1659 411 1714 συμβάλλει
453 1659 479 1713 ἡ
520 1659 793 1715 παράλληλος
834 1666 885 1714 τῇ
928 1657 1159 1715 διαμέτρῳ,
1201 1658 1273 1700 καὶ
1314 1660 1362 1701 τὸ
1403 1659 1488 1701 ὑπὸ

176 1737 263 1771 τῶν
286 1730 574 1785 παραλλήλων
591 1731 894 1785 περιεχόμενον
913 1726 1187 1784 ὀρθογώνιον
1207 1726 1342 1770 δοθὲν
1361 1730 1489 1770 ἔσται.

261 1800 423 1841 κύκλου
448 1799 529 1854 γὰρ
555 1805 606 1854 τῇ
636 1797 757 1840 θέσει
782 1797 1016 1852 δεδομένου
1042 1803 1119 1839 τοῦ
1144 1800 1280 1839 ΑΒΓ
1305 1797 1372 1839 ἐπὶ
1397 1799 1489 1839 δια-

177 1868 334 1924 μέτρου
365 1871 501 1930 vqs-B
511 1870 552 1910 Γ
576 1869 772 1923 εἰλήφθω
805 1865 939 1909 δοθὲν
970 1875 1145 1921 σημεῖον
1175 1868 1223 1909 τὸ
1253 1871 1308 1920 Δ,
1340 1868 1412 1908 διὰ
1443 1864 1491 1908 δὲ

177 1944 255 1981 τὀῦ
292 1942 335 1980 A
376 1939 485 1994 πρὸς
519 1939 596 1980 τὸν
631 1936 790 1980 κύκλον
825 1938 1165 1993 προσβεβλήσθω
1201 1952 1266 1986 τις
1301 1942 1491 1991 τυχοῦσα
1509 1956 1518 1967 ·

178 1998 206 2063 ἦ
240 2012 344 2062 ΔΑ,
386 2007 468 2050 ἀπὸ
512 2006 559 2049 δὲ
595 2013 672 2049 τοῦ
709 2011 750 2049 Α
791 2013 842 2062 τῇ
879 2010 965 2048 ΔΑ
1006 2007 1114 2062 πρὸς
1153 2006 1291 2062 ὀρθὰς
1332 2008 1492 2059 γωνίας

179 2077 328 2119 εὐθεῖα
354 2078 476 2142 ἤχθω
501 2076 528 2130 ἡ
553 2080 659 2131 ΑΕ,
690 2074 834 2118 διὰδὲ
859 2081 936 2117 τοῦ
962 2079 1003 2117 Ε
1030 2082 1080 2132 τῇ
1106 2079 1192 2144 AA
1221 2075 1492 2131 παράλληλος·

271 2207 303 2239 4.
333 2196 412 2249 τῆς]
442 2208 507 2238 τοῦ
539 2213 572 2238 a.
692 2201 801 2248 ἐστιν]
832 2215 871 2236 -ν
902 2201 985 2237 add.
1017 2213 1063 2236 m.
1095 2205 1115 2236 2
1146 2213 1179 2237 V.
1298 2205 1329 2237 5.
1359 2201 1490 2247 ΑΕΓ]

181 2252 288 2285 ΒΕΔ
313 2261 345 2285 a.
418 2253 449 2285 6.
476 2249 600 2295 ΔΕΒ]
626 2251 736 2283 ΑΕΓ
756 2260 788 2284 a.
862 2251 891 2283 7.
918 2248 966 2288 ὡς
992 2268 1032 2277 -
1060 2250 1091 2284 8.
1120 2248 1209 2294 ΓΕ]
1235 2258 1303 2283 om.
1329 2258 1361 2283 a.
1435 2251 1489 2283 10.

180 2297 258 2342 BA]
284 2307 393 2341 supra
418 2307 483 2332 scr.
509 2307 556 2330 m.
582 2299 601 2330 2
628 2307 660 2330 v.
767 2295 865 2349 AB]
887 2296 961 2330 ΔΘ
985 2294 1023 2330 Ρ.
1071 2325 1085 2340 ,
1138 2298 1191 2330 11.
1219 2299 1290 2329 τῶν
1317 2296 1392 2338 ΓΒ,
1412 2295 1490 2340 ΒΔ]
