1520 2508
89 848 132 878 10

87 1262 131 1292 15

87 1607 133 1638 20

156 126 238 167 168
683 130 948 166 ΔΕΔΟΜΕΝΑ.

155 219 181 272 ἡ
218 223 324 273 ΔΕ,
367 219 438 261 καὶ
482 222 870 276 συμπεπληρώσθω
906 223 954 264 τὸ
992 227 1088 264 ΑΔ.
1159 223 1233 266 καὶ
1275 225 1476 280 ἐπεὶ”ἰ’ση

156 287 275 329 ἐστὶν
311 288 337 341 ἡ
368 291 454 330 ΔΒ
492 296 544 344 τῇ
574 293 674 343 ΒΑ,
717 293 793 331 καί
827 290 915 332 ἐστι
953 287 1134 334 δοθεῖσα
1169 292 1195 346 ἡ
1231 293 1315 335 ὑπὸ
1347 297 1476 336 ΑΒΔ

157 359 308 410 γωνία,
340 356 430 399 ἐπεὶ
461 357 532 399 καὶ
562 358 588 411 ἡ
620 357 772 413 ἐφεξῆς
801 360 910 415 αὐτῇ
935 360 1117 402 δοθεῖσα
1143 361 1272 416 ἐστιν,
1304 362 1476 405 δέδοται

156 426 240 480 ἄρα
282 426 330 467 τὸ
368 429 451 468 ΕΒ
493 433 552 483 τῷ
589 429 705 469 εἴδει.
777 428 849 470 καὶ
893 428 982 470 ἐπεὶ
1024 430 1206 471 δοθεῖσα
1246 431 1334 473 ἐστι
1374 443 1476 474 συν-

157 496 399 550 αμφότερος
434 495 460 548 ἡ
492 499 642 551 ΑΒΓ,
685 501 756 551 ἴση
793 495 841 538 δὲ
876 497 902 551 ἡ
937 501 1020 539 ΑΒ
1058 506 1109 553 τῇ
1146 502 1252 553 ΒΛ,
1296 501 1503 543 δοθεῖσα’

156 564 240 618 ἄρα
272 562 389 605 ἐστὶν
419 564 446 617 ἡ
476 567 575 606 ΔΓ.
637 565 727 607 ἐπεὶ
764 564 844 609 οὖν
881 565 1016 608 δοθὲν
1052 569 1100 625 τὸ
1132 571 1224 609 ΑΓ
1252 570 1368 624 παρὰ
1405 571 1476 612 δο-
1504 585 1511 623 ‚³

155 636 314 674 θεῖσαν
338 634 418 686 τὴν
435 637 479 674 A
487 636 530 675 Γ
552 635 874 690 παραβέβληται
903 636 1099 678 ἐλλεῖπον
1124 638 1228 679 εῖδει
1259 638 1475 695 δεδομένῳ
1504 626 1511 669 ἶ

158 707 218 757 τῷ
251 704 354 755 ΕΒ,
387 701 559 744 δέδοται
589 705 641 745 τὰ
671 705 808 758 πλάτη
839 711 917 746 τοῦ
948 705 1240 760 ἐλλείμματος·
1278 707 1477 749 δοθεῖσαι

157 771 240 824 ἄρα
284 770 396 812 εἰσὶν
437 773 486 813 αι’
518 776 623 826 ΑΒ,
657 777 750 815 BA.
823 774 930 816 ἀλλὰ
972 773 1043 815 καὶ
1086 778 1412 831 συναμφότερος
1451 776 1477 829 ἡ

157 842 294 881 ΑΒΓ
327 841 510 882 δοθεῖσά
547 826 682 883 ἐστιν·
725 842 796 883 καὶ
833 845 961 897 λοιπὴ
998 845 1081 898 ἄρα
1117 843 1142 896 ἡ
1175 846 1263 885 ΒΓ
1296 845 1478 886 δοθεῖσα
1512 874 1520 900 3

158 908 295 950 ἐστιν·
334 901 629 965 δοθεῖσαᾶρα
660 910 777 953 ἐστὶν
809 911 985 970 ἑκατέρα
1015 920 1103 954 τῶν
1133 916 1232 967 ΑΒ,
1257 917 1294 954 Β
1305 915 1350 955 Γ.
1510 902 1520 989 ³

779 1037 866 1082 σις’.

240 1115 341 1157 Ἐὰν
372 1117 452 1158 δύο
479 1117 649 1158 εὐθεῖαι
675 1115 810 1159 δοθὲν
835 1120 996 1173 χωρίον
1013 1119 1268 1174 περιέχωσιν
1292 1120 1338 1161 ἐν
1358 1122 1478 1162 δεδο-

82 1204 86 1207 ’
157 1184 264 1240 μένῃ
302 1188 458 1241 γωνίᾳ,
502 1186 684 1239 δύνηται
722 1184 831 1240 δὲ,ἡ
864 1186 984 1242 ἑτέρα
1021 1194 1096 1242 τῆς
1126 1187 1270 1244 ἑτέρας
1301 1188 1478 1231 δοθέντι
1511 1185 1512 1188 “

157 1256 301 1308 μεῖζον
331 1253 357 1307 ἢ
389 1254 436 1295 ἐν
464 1256 590 1311 λόγῳ,
619 1255 692 1296 καὶ
724 1254 899 1311 ἑκατέρα
931 1257 1075 1298 αὐτῶν
1107 1259 1223 1299 ἔσται
1255 1259 1448 1300 δοθεῖσα.

249 1323 329 1364 δύο
368 1324 450 1378 γὰρ
483 1324 651 1365 εὐθεῖαι
682 1325 731 1365 αἱ
758 1328 862 1378 AB,
888 1328 976 1367 ΒΓ
1006 1323 1142 1368 δοθὲν
1171 1329 1332 1381 χωρίον
1361 1341 1478 1383 περι-
1512 1329 1520 1387 j

158 1391 372 1445 εχέτωσαν
397 1393 445 1434 τὸ
466 1395 560 1434 ΑΓ
579 1393 627 1434 ἐν
652 1393 860 1449 δεδομένῃ
885 1396 1022 1450 γωνίᾳ
1047 1402 1097 1450 τῇ
1121 1395 1206 1436 ὑπὸ
1231 1403 1318 1437 τῶν
1338 1398 1481 1451 ΑΒΓ,
1515 1402 1520 1461 2

157 1461 205 1502 τὸ
243 1458 290 1501 δὲ
328 1460 410 1502 ἀπὸ
447 1467 522 1515 τῆς
553 1464 633 1503 ΓΒ
670 1468 748 1504 τοῦ
785 1463 867 1504 ἀπὸ
904 1469 980 1517 τῆς
1010 1466 1090 1504 BA
1127 1463 1302 1506 δοθέντι
1333 1467 1477 1519 μεῖζον
1514 1469 1520 1518 ᾖ

158 1531 265 1571 ἔστω
298 1529 324 1583 ἢ
356 1529 403 1571 ἐν
433 1532 566 1586 λόγῳ·
598 1530 722 1585 λέγω,
754 1532 819 1573 ὅτι
849 1531 920 1573 καὶ
953 1531 1128 1588 ἑκατέρα
1159 1540 1246 1574 τῶν
1271 1538 1312 1574 Α
1321 1537 1370 1587 Β,
1396 1536 1484 1575 ΒΓ

159 1597 248 1640 ἐστι
280 1599 474 1640 δοθεῖσα.
1518 1604 1520 1636 ἶ

246 1666 336 1709 ἐπεὶ
367 1669 448 1723 γὰρ
479 1668 527 1709 τὸ
560 1667 642 1710 ἀπὸ
674 1675 749 1722 τῆς
774 1671 852 1710 ΓΒ
884 1675 961 1710 τοῦ
987 1669 1069 1711 ἀπὸ
1095 1676 1169 1724 τῆς
1189 1673 1270 1711 BA
1300 1671 1478 1714 δοθέντι
1518 1662 1520 1667 ,

158 1738 303 1790 μεῖζόν
334 1737 452 1778 ἐστιν
482 1736 508 1790 ἢ
540 1736 588 1779 ἐν
618 1740 752 1794 λόγῳ,
789 1734 1033 1793 ἀφῃρήσθω
1064 1739 1112 1780 τὸ
1144 1737 1279 1781 δοθὲν
1314 1741 1362 1782 τὸ
1393 1741 1477 1783 ὑπὸ

157 1813 246 1847 τῶν
278 1807 421 1847 ΓΒΔ·
465 1810 619 1848 λοιποῦ
656 1809 739 1863 ἄρα
775 1814 852 1849 τοῦ
888 1808 973 1849 ὑπὸ
1011 1816 1098 1850 τῶν
1127 1811 1256 1851 ΔΓΒ
1293 1811 1401 1865 πρὸς
1431 1812 1478 1852 τὸ
1518 1829 1520 1832 ·

254 1934 285 1965 2.
313 1930 400 1976 ἐστι]
428 1930 523 1966 ἐστιν
548 1943 580 1966 V.
654 1935 684 1966 3.
712 1932 824 1977 αὐτῆς
847 1932 886 1967 Ρ.
960 1937 990 1967 4.
1017 1931 1100 1979 καί]
1128 1945 1195 1969 om.
1217 1934 1250 1968 b.
1325 1933 1420 1969 ἐστιν
1444 1947 1477 1969 v.

205 1980 236 2012 8.
263 1978 420 2012 δοθεῖσα
445 1977 518 2021 ἄρα
544 1977 639 2013 ἐστὶν
664 1978 686 2022 ἡ
712 1981 776 2012 ΑΒ
802 1978 836 2012 b.
919 1982 972 2013 10.
1000 1978 1110 2025 ἐστίν]
1137 1980 1266 2018 om.,b.
1351 1979 1476 2015 καί-
1518 1987 1520 1989 ’

159 2026 212 2057 11.
246 2022 357 2068 ἐστιν]
390 2034 458 2058 om.
483 2023 566 2058 Vat.
694 2027 746 2058 11.
784 2025 880 2058 Ante
919 2026 1074 2060 δοθεῖσα
1105 2025 1177 2069 ἄρα
1214 2026 1297 2061 add.
1332 2025 1404 2061 ἔστι
1436 2025 1476 2061 δὲ

158 2068 220 2104 καὶ
245 2069 268 2113 ἡ
294 2072 359 2103 ΑΒ
386 2070 541 2104 δοθεῖσα
572 2070 606 2105 b.
721 2070 801 2113 Seq.
829 2070 927 2114 apud
951 2071 1175 2115 Peyrardum
1206 2083 1250 2106 ea
1274 2072 1477 2117 propositio

159 2126 241 2148 cum
266 2114 449 2159 lemmate,
476 2126 570 2159 quae
595 2115 634 2150 in
652 2116 681 2150 P
706 2115 841 2161 legitur
866 2116 913 2150 ad
939 2117 1046 2151 finem
1071 2117 1174 2160 libri3
1200 2129 1234 2152 u.
1255 2129 1338 2163 app.
1422 2122 1475 2153 12.
1518 2149 1520 2154 .

157 2161 241 2205 σις’]
267 2161 326 2202 πζ’
353 2161 568 2205 Peyrardus.
667 2166 719 2197 13.
746 2162 834 2196 Post
858 2161 974 2198 δοθέν
1000 2164 1083 2198 add.
1111 2163 1183 2207 ἄρα
1207 2175 1246 2206 v;
1276 2164 1344 2199 del.
1372 2176 1417 2199 m.
1445 2168 1476 2199 2.

205 2210 259 2241 15.
287 2209 408 2250 μεῖζον
435 2205 531 2242 εἶναι
557 2208 590 2242 b.
675 2207 787 2254 ἔσται]
813 2208 885 2243 ἐστι
910 2209 944 2243 b.
1030 2213 1082 2244 16.
1111 2209 1195 2255 γάρ]
1221 2221 1289 2244 om.
1315 2211 1349 2245 b.
1422 2210 1461 2245 αἱ

159 2263 228 2287 om.
255 2252 293 2287 P.
404 2257 456 2288 17.
485 2253 539 2299 ἐν]
567 2253 639 2288 ἔστι
663 2252 703 2289 δὲ
729 2253 792 2289 καί
817 2254 851 2289 b.
947 2256 1034 2301 τῶν]
1059 2255 1125 2299 τήν
1150 2256 1184 2290 b.
1294 2259 1346 2290 19.
1375 2256 1460 2291 ἔστω

160 2298 256 2334 ἐστιν
282 2300 425 2344 (comp.)
444 2299 479 2334 b.
553 2303 606 2335 21.
635 2301 709 2346 BA]
734 2304 799 2335 AB
823 2301 857 2335 b.
931 2305 985 2335 23.
1011 2302 1330 2348 mv(utrumque>]
1350 2302 1416 2346 τήν
1435 2302 1476 2346 b;
