1520 2508
1412 0 1520 123 ἲ

145 223 307 265 εὐθεῖα.
358 223 432 265 ἐὰν
458 222 506 265 δὲ
531 225 612 266 δύο
637 225 827 281 γραμμαὶ
853 232 903 281 τῇ
922 226 1043 269 θέσει
1063 228 1290 283 δεδομέναι
1308 208 1489 285 τέμνω-ξ’

146 303 218 333 σιν
255 292 460 346 ἀλλήλας,
504 293 677 335 δέδοται
720 296 768 337 τὸ
805 304 999 351 σημεῖον,
1042 296 1145 339 καθ’
1179 297 1201 340 ὃ
1237 294 1485 359 τέμνουσινζῚῚ

143 361 346 414 ἀλλήλας·
391 361 525 405 δοθὲν
567 365 650 419 ἄρα
694 363 783 406 ε’στὶ
819 366 867 407 τὸ
903 369 957 407 Λ.
1029 369 1118 408 ἔστι
1155 365 1203 408 δὲ
1239 367 1310 410 καὶ
1346 370 1393 411 τὸ
1424 374 1478 412 Λ’

147 127 204 169 54
675 134 941 167 AEAOMENA.

71 945 114 976 10

67 1293 110 1324 15

64 1639 108 1671 20

62 1986 106 2017 25

142 430 290 472 δοθέν.
350 431 470 473 θέσει
502 433 586 487 ἄρα
617 432 734 475 ἐστὶν
764 433 790 487 ἡ
823 438 917 476 ΑΛ.

762 584 843 638 ιβ’.

224 660 323 704 Ἐὰν
360 665 420 712 εἰς
450 666 753 719 παραλλήλους
788 673 838 721 τῇ
869 666 991 708 θέσει
1029 667 1262 721 δεδομένας
1291 668 1462 718 εὐθείας
1478 650 1489 669 γ’

141 731 292 773 εὐθεῖα
330 734 501 788 γραμμὴ
540 733 655 789 ἀχθῇ
692 734 925 789 δεδομένας
961 742 1147 777 ποιοῦσα
1183 740 1360 791 γωνίας,
1397 738 1461 780 δέ-
1518 740 1520 772 ἒ

141 801 263 842 δοται
295 801 321 855 ἡ
352 802 535 856 ἀχθεῖσα
566 809 625 859 τῷ
655 803 840 858 μεγέθει.

226 872 288 920 εἰς
324 873 406 927 γὰρ
442 873 745 927 παραλλήλους
781 880 831 928 τῇ
868 873 988 915 θέσει
1027 874 1260 928 δεδομένας
1291 875 1483 927 εὐθείας
1518 884 1520 915 ἰ

140 940 215 988 τὰς
251 943 356 994 ΑΒ,
383 943 462 982 ΓΛ
498 941 649 983 εὐθεῖα
686 944 857 998 γραμμὴ
895 944 1018 997 ἤχθω
1056 943 1081 997 ἡ
1113 947 1194 985 ΕΖ
1232 944 1482 999 δεδομένας]->
1516 946 1520 975 ³

135 1015 322 1051 ποιοῦσα
352 1013 513 1063 γωνίας
543 1012 618 1060 τὰς
650 1011 734 1053 ὑπὸ
766 1015 907 1066 ΒΕΖ,
933 1016 1070 1054 ΕΖΔ.
1132 1012 1260 1067 λέγω,
1299 1014 1364 1055 ὅτι
1395 1013 1475 1072 δέ-Ἰ
1515 1021 1517 1076 j

137 1079 260 1121 δοται
291 1080 317 1134 ἡ
348 1080 431 1121 ΕΖ
461 1087 520 1137 τῷ
551 1080 739 1135 μεγέθει.

222 1151 421 1204 εἰλήφθω
458 1151 540 1205 γὰρ
579 1149 646 1192 ἐπὶ
683 1157 758 1205 τῆς
796 1151 880 1206 ΓΛΙ4
915 1150 1050 1193 δοθὲν
1096 1160 1273 1206 σημεῖον
1315 1154 1362 1194 τὸ
1400 1134 1479 1207 Hs

136 1218 207 1260 καὶ
240 1220 313 1260 διὰ
343 1225 421 1261 τοῦ
446 1222 498 1261 Η
522 1226 572 1275 τῇ
599 1223 681 1261 ΕΖ
712 1221 986 1275 παράλληλος
1016 1222 1138 1275 ἤχθω
1170 1221 1194 1275 ἡ
1221 1225 1323 1263 ΗΘ.
1373 1221 1460 1264 ἐπεὶ

134 1289 408 1344 παράλληλός
439 1289 557 1331 ἐστιν
587 1289 613 1343 ἡ
639 1293 732 1331 ΗΘ
762 1297 812 1345 τῇ
844 1293 925 1331 ΕΖ
956 1289 1028 1332 καὶ
1058 1293 1119 1340 εἰς
1149 1291 1281 1340 αὐτας
1311 1292 1460 1333 εὐθεῖα

133 1357 407 1412 ἐμπέπτωκεν
436 1358 462 1412 ἡ
490 1361 582 1412 ΓΔ,
615 1363 685 1412 ἴση
717 1360 801 1414 ἄρα
832 1358 948 1400 ἐστὶν
979 1359 1004 1413 ἡ
1035 1359 1119 1401 ὑπὸ
1146 1363 1271 1401 ΕΖΔ
1301 1367 1352 1416 τῇ
1376 1360 1458 1402 ὑπὸ

137 1430 281 1469 ΘΗΛ.
355 1429 537 1470 δοθεῖσα
581 1426 628 1470 δὲ
670 1427 695 1482 ἡ
727 1428 811 1469 ὑπὸ
848 1436 935 1470 τῶν
972 1432 1115 1470 ΕΖΔ·
1160 1430 1341 1471 δοθεῖσα
1378 1431 1459 1485 ἄρα

132 1496 205 1538 καὶ
248 1497 274 1551 ἡ
317 1498 402 1540 ὑπὸ
448 1500 590 1539 ΘΗΛ.
676 1496 765 1539 ἐπεὶ
815 1495 895 1540 οὖν
937 1499 1045 1553 πρὸς
1086 1497 1208 1540 θέσει
1250 1497 1458 1554 δεδομένῃ

133 1566 285 1622 εὐθείᾳ
321 1573 372 1621 τῇ
411 1568 490 1608 ΓΛ
532 1565 603 1608 καὶ
646 1573 706 1623 τῷ
744 1567 852 1622 πρὸς
889 1567 996 1622 αὐτῇ
1040 1570 1198 1624 σημείῳ
1243 1566 1456 1625 δεδομένῳ

133 1642 192 1692 τςό
217 1638 269 1677 Η
294 1635 445 1677 εὐθεῖα
476 1636 648 1690 γραμμὴ
680 1632 803 1689 ἦκται
834 1635 859 1688 ἡ
885 1638 978 1677 ΗΘ
1008 1635 1245 1691 δεδομένην
1275 1642 1458 1678 ποιοῦσα

131 1706 297 1758 γωνίαν
327 1705 407 1759 τὴν
437 1704 522 1746 ὑπὸ
552 1707 646 1746 ΘΗ
650 1708 698 1758 Ζ,
729 1704 850 1746 θέσει
882 1705 966 1759 ἄρα
995 1704 1112 1746 ἐστὶν
1137 1705 1162 1759 ἡ
1188 1708 1239 1747 Η
1243 1709 1289 1747 Θ.
1338 1704 1458 1748 θέσει

131 1772 179 1816 δὲ
213 1773 284 1816 καὶ
315 1773 341 1827 ἡ
373 1777 471 1816 ΑΒ.
539 1772 674 1816 δοθὲν
711 1775 794 1829 ἄρα
832 1773 921 1815 ἐστὶ
959 1763 1007 1816 τὸ
1042 1778 1079 1816 Θ
1114 1783 1302 1829 σημεῖον.
1369 1777 1456 1817 ἔστι

131 1842 179 1885 δὲ
221 1843 292 1885 καὶ
330 1843 378 1885 τὸ
412 1847 464 1885 Η
496 1843 643 1885 δοθέν.
717 1844 898 1885 δοθεῖσα
935 1845 1018 1898 ἄρα
1057 1843 1173 1886 ἐστὶν
1209 1844 1234 1898 ἡ
1272 1847 1363 1886 ΗΘ
1398 1849 1456 1900 τῷ

130 1911 322 1967 μεγέθει·
359 1915 435 1954 καί
463 1913 581 1955 ἐστιν
613 1917 682 1967 ἴση
714 1919 763 1967 τῇ
790 1916 883 1954 ΕΖ.
940 1914 1121 1954 δοθεῖσα
1152 1914 1236 1968 ἄρα
1267 1912 1355 1955 ἐστὶ
1385 1911 1455 1955 καὶ

131 1981 157 2036 ἡ
188 1985 271 2024 ΕΖ
302 1989 361 2039 τῷ
393 1981 578 2037 μεγέθει.

225 2135 255 2166 1.
288 2130 481 2177 τέμνωσιν]
507 2130 700 2175 τέμνουσιν
726 2131 763 2165 P.
874 2135 904 2165 6.
939 2130 1004 2176 εἰς]
1031 2130 1120 2173 πρός
1151 2132 1183 2177 β.
1292 2134 1344 2166 10.
1376 2129 1454 2177 τάς]

129 2182 172 2223 τῇ
198 2188 229 2212 a.
352 2181 404 2212 14.
439 2176 517 2212 ἐπεί
543 2199 586 2203 -
614 2181 666 2212 15.
695 2177 786 2222 ΗΘ]
818 2176 895 2211 ἐπεὶ
921 2174 988 2211 οὖν
1013 2177 1035 2221 ἡ
1064 2179 1139 2212 ΗΘ
1164 2176 1390 2222 παράλληλος
1421 2188 1452 2212 a.
1505 2173 1507 2216 ἶ

177 2227 231 2258 15.
259 2224 404 2270 εὐθεῖα]
431 2235 499 2258 om.
515 2235 547 2259 a.
623 2227 675 2258 16.
703 2221 950 2269 ἐμπέπτωκεν]
977 2236 1026 2257 -τ-
1053 2235 1162 2268 supra,
1187 2235 1252 2258 ser.
1274 2235 1305 2258 v.
1383 2228 1454 2259 τῶν
1504 2239 1506 2242 ’

130 2271 241 2304 ΕΖΔ
266 2281 297 2305 a.
396 2271 519 2316 ΕΖΔ]
548 2271 651 2305 ΕΛΖ
676 2282 707 2305 v,
804 2274 846 2315 τῇ
873 2289 915 2294 -
943 2273 997 2304 17.
1025 2271 1148 2316 ΕΖΔ]
1175 2281 1243 2305 om.
1270 2281 1302 2305 a.
1400 2271 1451 2304 18.

132 2317 257 2362 ΘΗΛ]
283 2322 355 2351 τῶν
383 2319 495 2352 ΘΗΖ
521 2328 551 2351 a.
650 2315 853 2361 δεδομένην
876 2317 1030 2351 εὐθεῖαν
1049 2316 1115 2360 τήν
1141 2328 1171 2351 a.
1269 2320 1323 2351 20.
1350 2316 1454 2350 ‹5⁶00›
