1520 2508
0 226 4 258 1

0 342 5 384 'z
64 362 181 395 A,.—

2 450 3 455 =
61 432 122 471 ..81⁴

637 76 640 79 ·
661 63 877 110 DATA.15'-·
1378 59 1404 110 7

150 191 250 219 nam
282 173 485 252 quoniam
516 173 616 214 data
648 175 714 214 est
745 172 998 229 magnitudo
1030 175 1090 230 A,
1121 171 1215 213 fieri
1245 173 1406 226 potest,

0 260 2 294 ῑ
64 251 114 291 ut
142 245 392 303 magnitudo
429 244 469 287 ei
500 243 690 299 aequalis
729 246 1002 300 comparetur
1035 206 1405 301 [def.1].cpm-

584 318 760 371 paretur
797 318 840 357 et
878 315 936 357 sit
968 317 1015 357 Γ.
1086 329 1236 356 rursus
1273 327 1408 369 quon-

497 368 502 391 1
585 388 674 430 iam
705 387 806 429 data
837 389 903 429 est
935 386 1188 442 magnitudo
1219 388 1257 428 Β
1266 420 1278 442 7
1312 384 1408 428 fieri

0 515 3 537 ἐ
58 440 506 537 ·1'1.--—-.l-.-—,
587 446 746 514 potest,
776 460 826 500 ut
856 458 1110 514 magnitudo
1143 457 1183 499 ei
1215 457 1408 513 aequalis

589 533 862 585 comparetur
898 528 1050 585 [ibid.].
1133 532 1409 585 comparetur

63 577 402 608 A1—-——-÷
589 604 632 644 et
663 601 720 643 sit
750 605 804 644 A.
865 601 953 643 iam
991 600 1195 655 quoniam
1231 604 1275 642 A
1295 620 1352 634 =
1373 601 1417 642 Γ

56 657 109 718 ‘et
139 678 176 717 Β
199 695 252 709 =
270 678 331 729 A,
371 673 452 716 erit
483 676 525 716 A
545 688 553 714 :
575 675 686 715 F=
706 675 744 715 Β
766 688 774 714 :
794 676 847 714 A.
909 672 1192 728 permutando
1226 670 1298 727 [V,
1333 671 1409 727 16]

66 750 108 788 A
128 762 137 788 :
157 748 193 788 Β
215 757 270 780 =
291 746 355 787 Γ;
374 747 428 786 Δ.
493 743 639 799 itaque
676 743 789 785 ratio
822 747 863 785 A
883 759 892 784 :
912 745 949 784 Β
988 742 1088 784 data
1122 745 1188 785 est
1221 739 1323 798 [def.
1349 741 1410 798 2].

59 816 255 873 'aequalis
287 815 401 858 enim
432 815 471 857 ei
502 818 751 871 comparata
782 817 847 856 est
879 814 990 856 ratio
1024 816 1088 856 F:
1108 818 1162 855 A.

713 944 771 987 Π.

155 1028 201 1072 Si
238 1030 338 1071 data
368 1029 620 1085 magnitudo
659 1029 713 1070 ad
744 1028 874 1070 aliam
905 1027 1248 1084 magnitudinem
1278 1028 1413 1071 ratio-

66 1115 166 1142 nem
195 1100 326 1142 habet
357 1100 514 1155 datam,
545 1099 645 1141 data
676 1102 742 1141 est
773 1098 905 1141 etiam
936 1099 1011 1141 illa
1042 1099 1351 1156 magnitudine.

158 1171 258 1213 data
283 1171 398 1213 enim
421 1170 672 1226 magnitudo
698 1174 741 1211 A
773 1170 826 1212 ad
850 1170 981 1212 aliam
1005 1171 1350 1227 magnitudinem
1373 1174 1413 1214 Β

67 1242 280 1284 rationem
316 1241 474 1283 habeat
509 1242 666 1283 datam.
728 1241 839 1296 dico,
884 1241 1030 1283 datam
1070 1256 1162 1284 esse
1203 1242 1337 1286 etiam
1373 1245 1426 1285 Β·

58 1312 375 1369 'magnitudine

156 1398 257 1425 nam
288 1383 491 1438 quoniam
516 1383 617 1425 data
647 1386 713 1425 est
745 1383 998 1440 magnitudo
1030 1387 1089 1439 A,
1127 1385 1222 1427 fieri
1250 1388 1412 1442 potest,

59 1459 116 1497 'ut
147 1454 398 1511 magnitudo
436 1455 475 1497 ei
513 1454 703 1511 aequalis
737 1458 1009 1510 comparetur
1041 1455 1140 1511 [def.
1174 1456 1233 1512 1].
1295 1471 1412 1500 com-

589 1522 767 1583 paretur
810 1530 852 1568 et
896 1526 954 1568 sit
992 1528 1039 1569 Γ.
1116 1530 1160 1569 et
1207 1528 1415 1583 quoniam

69 1570 188 1673 3:-
399 1649 405 1673 Ι
506 1578 510 1601 l
595 1598 695 1640 data
738 1601 803 1640 est
845 1598 957 1639 ratio
999 1602 1070 1640 A:
1090 1601 1127 1640 B
1173 1596 1255 1656 (ita
1292 1599 1415 1642 enim

59 1671 191 1745 ‘su-
508 1720 511 1743 ὲ
596 1667 933 1726 supposuimus),
952 1669 1046 1711 fieri
1058 1673 1218 1726 potest,
1235 1673 1285 1712 ut
1299 1671 1414 1712 ratio

70 1785 121 1816 Δ,
406 1791 409 1814 Ι
597 1740 635 1782 ei
673 1739 864 1795 aequalis
902 1744 1177 1796 comparetur
1220 1741 1320 1797 [def
1355 1741 1415 1797 2],

596 1814 870 1867 comparetur
913 1813 956 1853 et
1000 1811 1057 1853 sit
1101 1812 1214 1855 ratio
1260 1814 1332 1854 T:
1356 1816 1416 1855 A.

70 1884 116 1924 et
148 1882 348 1938 quoniam
387 1885 452 1924 est
489 1885 559 1924 A:
580 1885 617 1924 Β
638 1902 693 1917 =
716 1884 780 1924 Γ·
799 1885 861 1938 A,
903 1883 1188 1938 permutando
1228 1882 1302 1939 [V,
1336 1883 1412 1940 16]

67 1952 152 1995 erit
194 1957 269 1995 A:
296 1955 412 1995 F=
431 1956 503 1995 B:
530 1957 584 1995 A.
658 1968 809 1996 uerum
851 1957 969 1995 A=
991 1955 1037 1995 Γ.
1107 1968 1238 2008 quare
1279 1955 1414 1998 etiam

68 2026 107 2066 Β
128 2044 183 2058 =
203 2028 246 2066 A
277 2023 348 2080 [V,
374 2024 459 2080 14].
510 2039 612 2081 ergo
645 2024 747 2067 data
778 2027 843 2067 est
875 2024 1128 2080 magnitudo
1156 2028 1193 2067 Β
1227 2026 1328 2081 [def.
1357 2027 1416 2082 1].

68 2095 262 2150 aequalis
294 2095 407 2150 enim
437 2096 476 2138 ei
508 2099 758 2152 comparata
790 2099 856 2138 est
887 2100 940 2138 A.

113 2270 281 2354 2.2'V&t9a
314 2269 432 2319 ἐστίν]
464 2283 532 2308 om.
566 2283 598 2308 a.
728 2275 783 2307 23.
816 2271 856 2307 τό
885 2273 988 2320 (pr.)]
1027 2276 1073 2320 τᾷ
1112 2273 1199 2309 Vat.
1322 2273 1412 2320 καί]

71 2327 133 2352 om
204 2329 226 2353 a
