1520 2508
73 854 163 901 '10

105 1215 159 1246 15
241 1206 458 1224 **‘*
539 1215 556 1224 ⁰

98 1443 108 1452 ·
183 1414 273 1458 ἐστὶ
309 1416 470 1465 ὃοθείς.
516 1418 640 1458 ’ἴσον
683 1414 731 1458 δὲ
767 1418 815 1458 τὸ
852 1419 980 1458 ΑΓΔ
1021 1419 1236 1473 τρίγωνον
1278 1425 1336 1474 τῷ
1375 1421 1460 1459 ΑΒ

111 1547 157 1594 20

109 1907 153 1939 25

195 121 280 164 206
737 126 982 160 APPENDIX.
1040 119 1045 124 ’

650 298 718 340 Ad
747 231 1063 354 proffiLXVII.

749 372 950 423 ’Ἀλλωςκ

286 447 632 489 Κατεσκευάσθω
675 448 757 503 γὰρ
800 442 853 490 τᾶ
889 449 998 490 αὐτὰ
1040 457 1130 498 τοῖς
1171 451 1400 505 πρότερον,
1469 501 1474 507 ι
1519 466 1520 470 ’

191 515 315 569 ἤχθω
354 516 436 558 ἀπὸ
474 522 551 558 τοῦ
589 521 631 558 Α
667 516 737 559 ἐπὶ
773 519 852 572 τὴν
888 521 976 560 ΕΓ
1011 519 1194 568 κάθετος
1233 519 1259 573 ἡ
1297 523 1336 560 Α
1346 522 1400 572 Ζ,

191 583 432 638 ἐπεζεύχθω
465 585 491 639 ἡ
522 589 618 627 AA.

188 725 264 764 καί
291 723 409 765 ἐστιν
440 723 574 778 αὐτῆς
603 723 774 787 ἡμίσεια
804 724 830 779 ἡ
861 725 946 767 ὑπὸ
971 732 1059 767 τῶν
1083 728 1226 779 ΑΓΖ,
1257 727 1346 767 ἔστι
1371 724 1419 767 δὲ
1440 742 1495 768 κα

188 792 215 847 ἡ
245 792 330 834 ὑπὸ
362 799 450 834 τῶν
480 797 522 834 Α
531 795 618 834 ΖΓ
641 785 841 848 δοθεῖσα,-
867 793 1039 836 δέδοται
1069 796 1153 850 ἄρα
1184 796 1231 837 τὸ
1263 799 1304 836 Α
1314 797 1400 839 ΖΓ
1422 778 1510 857 τρίξ

187 875 332 915 γωνον
362 868 421 919 τῷ
453 863 574 904 εἴδει·
606 865 734 916 λόγος
764 865 848 919 ἄρα
874 863 964 906 ἐστὶ
988 870 1063 918 τῆς
1082 869 1124 906 A
1133 867 1167 906 Z
1197 865 1306 920 πρὸς
1329 866 1409 918 τὴν
1432 867 1467 905 Ζ
1503 917 1507 923 .

186 932 347 980 δοθείς.
407 938 483 986 τῆς
514 929 561 974 δὲ
593 934 679 974 ΖΓ
703 933 813 988 πρὸς
842 934 922 987 τὴν
953 935 1037 974 ΓΕ
1064 935 1191 987 λόγος
1222 932 1311 975 ἐστὶ
1341 934 1508 983 δοθείς·

186 1001 429 1043 διπλασίων
466 1001 548 1054 γάρ
586 1001 703 1043 ἐστιν
739 1002 888 1056 αὐτῆς·
930 1001 1002 1044 καὶ
1043 1009 1118 1057 τῆς
1154 993 1361 1058 ΕΓᾶρα
1402 995 1503 1058 πρὸ1

185 1070 265 1124 τὴν
301 1073 387 1111 ΑΖ
423 1072 551 1124 λόγος
590 1069 680 1112 ἐστὶ
718 1072 884 1120 δοθείς·
928 1065 1035 1113 ὥστε
1077 1071 1149 1113 καὶ
1186 1077 1263 1113 τοῦ
1299 1072 1384 1113 ὑπὸ
1422 1078 1479 1114 τῶ

183 1279 312 1331 λόγος
348 1276 438 1319 ἐστὶ
474 1278 643 1327 δοθείς·
689 1278 918 1320 διπλάσιον
961 1279 1043 1334 γάρ
1087 1279 1205 1321 ἐστιν
1241 1280 1393 1321 αὐτοῦ·
1435 1295 1488 1321 κα

183 1353 261 1390 τοῦ
291 1347 376 1389 ὑπὸ
401 1354 489 1388 τῶν
513 1349 639 1388 ΕΓΔ
669 1348 753 1403 ἄρα
777 1348 885 1403 πρὸς
909 1349 957 1390 τὸ
983 1352 1024 1389 A
1033 1350 1111 1390 ΓΔ
1141 1350 1355 1403 τρίγωνον
1374 1351 1481 1402 λόγο

182 1485 398 1542 τριγώνῳ·
442 1485 515 1527 ἐπί
540 1501 585 1527 τε
618 1486 701 1541 γὰρ
731 1492 807 1540 τῆς
837 1486 969 1540 αὐτῆς
998 1486 1163 1540 βάσεώς
1194 1486 1283 1528 ἐστι
1313 1492 1388 1540 τῆς
1418 1491 1460 1528 Α

181 1553 254 1596 καὶ
297 1554 345 1596 ἐν
386 1562 492 1604 ταῖς
515 1555 666 1604 αὐταῖς
702 1557 993 1610 παραλλήλοις
1029 1563 1122 1605 ταῖς
1158 1559 1200 1596 A
1209 1558 1261 1609 Γ,
1290 1559 1388 1597 ΒΔ·
1431 1571 1484 1598 κα

180 1629 258 1675 τοῦ
288 1623 373 1666 ὑπὸ
398 1630 486 1666 τῶν
510 1626 636 1666 ΕΓΔ
666 1626 749 1680 ἄρα
773 1625 881 1679 πρὸς
905 1625 959 1666 τὸ’
978 1627 1115 1666 ΑΒΓ
1138 1627 1355 1680 τρίγωνον
1377 1621 1480 1678 λόγο

180 1691 270 1734 ἐστὶ
296 1693 455 1742 δοθείς.
503 1695 578 1734 καί
599 1693 689 1735 ἐστι
718 1694 766 1735 τὸ
797 1693 882 1735 ὑπὸ
907 1700 994 1739 τῶν
1018 1695 1157 1747 ΕΓΔ,
1189 1689 1223 1750 ᾧ
1247 1695 1389 1748 μεῖζόν
1414 1693 1500 1736 ἐστ’

179 1762 227 1803 τὸ
260 1761 342 1804 ἀπὸ
374 1761 707 1820 συναμφοτέρου
738 1768 813 1816 τῆς
844 1764 975 1804 ΒΑΓ
998 1768 1076 1804 τοῦ
1107 1762 1189 1811 ἀπὸ
1222 1768 1296 1816 τῆς
1326 1765 1430 1804 ΒΓ·
1471 1806 1482 1820 ¹

179 1832 263 1887 ἄρα
299 1833 442 1886 μεῖζόν
479 1831 568 1882 ἐστι
604 1832 651 1873 τὸ
690 1831 772 1873 ἀπὸ
807 1830 1137 1887 συναμφοτέρου
1174 1837 1249 1885 τῆς
1286 1835 1385 1885 ΒΑ,
1415 1835 1458 1873 A

179 1906 257 1942 τοῦ
288 1900 371 1943 ἀπὸ
403 1907 478 1955 τῆς
506 1902 599 1955 ΓΒ,
632 1900 769 1942 ἐκεῖνο
800 1901 848 1942 τὸ
879 1902 1040 1956 χωρίον
1070 1901 1178 1955 πρὸς
1207 1902 1255 1942 τὸ
1286 1903 1472 1955 τρίγωνο

177 1965 310 2023 λόγον
341 1972 426 2024 ἔχει
457 1967 702 2025 δεδομένον.
828 1960 832 1963 ⁴

242 2088 246 2092 ·
273 2075 304 2106 3.
331 2070 459 2118 ἄλλως]
486 2082 556 2108 om.
581 2072 615 2107 b.
713 2075 745 2106 4.
770 2070 1059 2107 κατασκευάσθω
1084 2071 1122 2105 Ρ.
1218 2070 1469 2107 κατεσκευάσθ

178 2138 222 2142 -
249 2121 280 2152 5.
306 2116 330 2161 ἥ
353 2119 427 2164 θω]
460 2129 528 2153 om.
554 2118 590 2152 b.
710 2122 742 2152 5.
772 2118 816 2163 A]
848 2122 881 2152 Δ
905 2117 939 2152 b.
1061 2121 1090 2152 7.
1122 2118 1209 2163 τῶν]
1242 2128 1310 2152 om.
1336 2129 1369 2152 v,
1465 2121 1485 2152 8

177 2161 312 2207 ἱμίσεια
372 2166 433 2208 at„
460 2175 548 2198 corr.
574 2176 620 2198 m.
648 2167 679 2198 2.
768 2164 856 2209 τῶν]
880 2163 947 2207 τήν
972 2163 1006 2198 b.
1106 2163 1199 2198 ἔστιν
1223 2175 1257 2198 v.
1352 2167 1383 2197 9.
1408 2163 1479 2198 Pos

176 2210 332 2244 δοθεῖσα
364 2210 447 2245 add.
474 2210 537 2245 καὶ
562 2210 662 2245 stom*
698 2209 770 2253 ἄρα
795 2209 817 2254 ἡ
843 2210 914 2245 ὑπὸ
938 2215 1009 2244 τῶν
1037 2212 1139 2244 ΓΑΖ
1170 2209 1243 2244 ἐστι
1267 2211 1410 2254 (comp.)
1435 2210 1479 2244 δυ

175 2257 287 2290 θεῖσα
311 2255 347 2290 b.
429 2276 433 2279 ·
468 2260 522 2292 10.
553 2259 601 2302 τῷ
627 2268 643 2290 ε
661 2257 716 2290 ὃει
764 2266 831 2290 om.
858 2255 893 2291 b.
1012 2261 1075 2300 τῆς
1100 2258 1165 2290 ΑΖ
1191 2255 1262 2290 ἐστι
1293 2267 1324 2290 v
1441 2259 1495 2291 12.

176 2302 303 2347 αὐτῆς]
339 2303 451 2337 αὐτοῦ
476 2302 512 2340 b.
633 2257 731 2347 Em]
759 2304 830 2336 ΒΓ
850 2301 883 2336 b.
1005 2305 1058 2336 13.
1091 2300 1178 2337 ὥστε
1203 2322 1245 2327 -
1273 2304 1325 2337 14.
1352 2299 1479 2341 ὃοθείς
