<?xml version="1.0" encoding="UTF-8"?>
<!DOCTYPE html PUBLIC "-//W3C//DTD XHTML 1.0 Transitional//EN"
    "http://www.w3.org/TR/xhtml1/DTD/xhtml1-transitional.dtd">
<html xmlns="http://www.w3.org/1999/xhtml" xml:lang="en" lang="en">
 <head>
  <title>
</title>
<meta http-equiv="Content-Type" content="text/html;charset=utf-8" />
  <meta name='ocr-system' content='tesseract 3.04.00' />
  <meta name='ocr-capabilities' content='ocr_page ocr_carea ocr_par ocr_line ocrx_word'/>
</head>
<body>
  <div class='ocr_page' id='page_1' title='image "./euclidisoperaomn06eucluoft_0316.png"; bbox 0 0 1520 2508; ppageno 0'>
   <div class='ocr_carea' id='block_1_1' title="bbox 117 847 160 878">
    <p class='ocr_par' dir='ltr' id='par_1_1' title="bbox 117 847 160 878">
     <span class='ocr_line' id='line_1_1' title="bbox 117 847 160 878; baseline 0.023 -1"><span class='ocrx_word' id='word_1_1' title='bbox 117 847 160 878; x_wconf 91' lang='lat'><strong><em>10</em></strong></span> 
     </span>
    </p>
   </div>
   <div class='ocr_carea' id='block_1_2' title="bbox 115 1193 157 1224">
    <p class='ocr_par' dir='ltr' id='par_1_2' title="bbox 115 1193 157 1224">
     <span class='ocr_line' id='line_1_2' title="bbox 115 1193 157 1224; baseline -0.024 0"><span class='ocrx_word' id='word_1_2' title='bbox 115 1193 157 1224; x_wconf 90' lang='lat'><strong><em>15</em></strong></span> 
     </span>
    </p>
   </div>
   <div class='ocr_carea' id='block_1_3' title="bbox 112 1539 157 1571">
    <p class='ocr_par' dir='ltr' id='par_1_3' title="bbox 112 1539 157 1571">
     <span class='ocr_line' id='line_1_3' title="bbox 112 1539 157 1571; baseline -0.022 0"><span class='ocrx_word' id='word_1_3' title='bbox 112 1539 157 1571; x_wconf 79' lang='lat'><strong><em>20</em></strong></span> 
     </span>
    </p>
   </div>
   <div class='ocr_carea' id='block_1_4' title="bbox 111 1886 154 1916">
    <p class='ocr_par' dir='ltr' id='par_1_4' title="bbox 111 1886 154 1916">
     <span class='ocr_line' id='line_1_4' title="bbox 111 1886 154 1916; baseline 0 0"><span class='ocrx_word' id='word_1_4' title='bbox 111 1886 154 1916; x_wconf 84' lang='lat'><strong><em>25</em></strong></span> 
     </span>
    </p>
   </div>
   <div class='ocr_carea' id='block_1_5' title="bbox 187 118 1278 159">
    <p class='ocr_par' dir='ltr' id='par_1_5' title="bbox 187 118 1278 159">
     <span class='ocr_line' id='line_1_5' title="bbox 187 118 1278 159; baseline 0.002 -7"><span class='ocrx_word' id='word_1_5' title='bbox 187 118 273 159; x_wconf 84' lang='lat'><strong><em>250</em></strong></span> <span class='ocrx_word' id='word_1_6' title='bbox 402 120 570 152; x_wconf 86' lang='lat' dir='ltr'>MARINI</span> <span class='ocrx_word' id='word_1_7' title='bbox 593 119 882 154; x_wconf 84' lang='lat' dir='ltr'>PHILOSOPHI</span> <span class='ocrx_word' id='word_1_8' title='bbox 907 120 1278 154; x_wconf 85' lang='lat' dir='ltr'>COMMENTARIUS</span> 
     </span>
    </p>
   </div>
   <div class='ocr_carea' id='block_1_6' title="bbox 179 210 1511 2139">
    <p class='ocr_par' dir='ltr' id='par_1_6' title="bbox 179 210 1511 2139">
     <span class='ocr_line' id='line_1_6' title="bbox 186 210 1504 270; baseline 0.004 -17"><span class='ocrx_word' id='word_1_9' title='bbox 186 212 402 267; x_wconf 83' lang='grc' dir='ltr'><strong><em>εὑρίσκειν</em></strong></span> <span class='ocrx_word' id='word_1_10' title='bbox 438 212 515 253; x_wconf 87' lang='grc' dir='ltr'><strong><em>τὸν</em></strong></span> <span class='ocrx_word' id='word_1_11' title='bbox 545 210 709 254; x_wconf 81' lang='grc' dir='ltr'><strong><em>τέλειον</em></strong></span> <span class='ocrx_word' id='word_1_12' title='bbox 745 217 823 253; x_wconf 86' lang='grc' dir='ltr'><strong><em>τοῦ</em></strong></span> <span class='ocrx_word' id='word_1_13' title='bbox 854 212 1090 267; x_wconf 81' lang='grc' dir='ltr'><em>δεδομένου</em></span> <span class='ocrx_word' id='word_1_14' title='bbox 1121 213 1314 270; x_wconf 88' lang='grc' dir='ltr'><strong><em>ὁρισμόν.</em></strong></span> <span class='ocrx_word' id='word_1_15' title='bbox 1365 215 1504 270; x_wconf 65' lang='grc' dir='ltr'><strong><em>·’δῆλοῠ</em></strong></span> 
     </span>
     <span class='ocr_line' id='line_1_7' title="bbox 187 279 1504 341; baseline 0.005 -20"><span class='ocrx_word' id='word_1_16' title='bbox 187 281 252 334; x_wconf 70' lang='grc' dir='ltr'><strong><em>δέ,</em></strong></span> <span class='ocrx_word' id='word_1_17' title='bbox 291 281 356 322; x_wconf 81' lang='grc' dir='ltr'><strong><em>ὅτι</em></strong></span> <span class='ocrx_word' id='word_1_18' title='bbox 392 279 463 322; x_wconf 84' lang='grc' dir='ltr'><strong><em>καὶ</em></strong></span> <span class='ocrx_word' id='word_1_19' title='bbox 495 279 699 331; x_wconf 81' lang='grc' dir='ltr'><strong><em>ἐξισάζειν</em></strong></span> <span class='ocrx_word' id='word_1_20' title='bbox 735 282 830 335; x_wconf 76' lang='grc' dir='ltr'><strong><em>ἤτοι</em></strong></span> <span class='ocrx_word' id='word_1_21' title='bbox 867 281 1168 338; x_wconf 87' lang='grc' dir='ltr'><strong><em>ἀντιστρέφειν</em></strong></span> <span class='ocrx_word' id='word_1_22' title='bbox 1202 284 1335 326; x_wconf 88' lang='grc' dir='ltr'><strong><em>αὐτὸν</em></strong></span> <span class='ocrx_word' id='word_1_23' title='bbox 1365 285 1504 341; x_wconf 63' lang='grc' dir='ltr'><strong><em>δεήσει</em></strong></span> 
     </span>
     <span class='ocr_line' id='line_1_8' title="bbox 186 344 1504 408; baseline 0.004 -17"><span class='ocrx_word' id='word_1_24' title='bbox 186 351 294 404; x_wconf 89' lang='grc' dir='ltr'><strong><em>πρὸς</em></strong></span> <span class='ocrx_word' id='word_1_25' title='bbox 335 350 382 391; x_wconf 91' lang='grc' dir='ltr'><strong><em>τὸ</em></strong></span> <span class='ocrx_word' id='word_1_26' title='bbox 420 350 613 405; x_wconf 85' lang='grc' dir='ltr'><strong><em>ὁριστόν·</em></strong></span> <span class='ocrx_word' id='word_1_27' title='bbox 661 349 733 392; x_wconf 89' lang='grc' dir='ltr'><strong><em>καὶ</em></strong></span> <span class='ocrx_word' id='word_1_28' title='bbox 770 351 852 406; x_wconf 84' lang='grc' dir='ltr'><strong><em>γὰρ</em></strong></span> <span class='ocrx_word' id='word_1_29' title='bbox 888 357 1015 393; x_wconf 86' lang='grc' dir='ltr'><strong><em>τοῦτο</em></strong></span> <span class='ocrx_word' id='word_1_30' title='bbox 1058 352 1268 408; x_wconf 79' lang='grc' dir='ltr'><strong><em>ὑπάρχειν</em></strong></span> <span class='ocrx_word' id='word_1_31' title='bbox 1309 354 1379 395; x_wconf 91' lang='grc' dir='ltr'><strong><em>δεῖ</em></strong></span> <span class='ocrx_word' id='word_1_32' title='bbox 1415 344 1504 407; x_wconf 63' lang='grc' dir='ltr'><strong><em>τοῖς</em></strong></span> 
     </span>
     <span class='ocr_line' id='line_1_9' title="bbox 186 415 1504 478; baseline 0.005 -19"><span class='ocrx_word' id='word_1_33' title='bbox 186 419 333 473; x_wconf 80' lang='grc' dir='ltr'><strong><em>ὀρθῶς</em></strong></span> <span class='ocrx_word' id='word_1_34' title='bbox 363 418 694 474; x_wconf 89' lang='grc' dir='ltr'><strong><em>ἀποδιδομένοις</em></strong></span> <span class='ocrx_word' id='word_1_35' title='bbox 724 420 929 476; x_wconf 79' lang='grc' dir='ltr'><strong><em>ὁρισμοῖς.</em></strong></span> <span class='ocrx_word' id='word_1_36' title='bbox 984 423 1071 463; x_wconf 84' lang='grc' dir='ltr'><strong><em>ἔστι</em></strong></span> <span class='ocrx_word' id='word_1_37' title='bbox 1102 419 1150 463; x_wconf 72' lang='grc' dir='ltr'><strong><em>δὲ</em></strong></span> <span class='ocrx_word' id='word_1_38' title='bbox 1180 427 1257 463; x_wconf 89' lang='grc' dir='ltr'><strong><em>τοῦ</em></strong></span> <span class='ocrx_word' id='word_1_39' title='bbox 1287 415 1504 478; x_wconf 55' lang='grc' dir='ltr'><strong><em>προκειμέὲ</em></strong></span> 
     </span>
     <span class='ocr_line' id='line_1_10' title="bbox 187 487 1504 549; baseline 0.004 -20"><span class='ocrx_word' id='word_1_40' title='bbox 187 503 267 529; x_wconf 87' lang='grc' dir='ltr'><strong><em>νου</em></strong></span> <span class='ocrx_word' id='word_1_41' title='bbox 316 494 512 538; x_wconf 86' lang='grc' dir='ltr'><strong><em>τοιοῦτος</em></strong></span> <span class='ocrx_word' id='word_1_42' title='bbox 567 489 613 531; x_wconf 84' lang='grc' dir='ltr'><strong><em>ἐν</em></strong></span> <span class='ocrx_word' id='word_1_43' title='bbox 660 487 739 543; x_wconf 73' lang='grc' dir='ltr'><strong><em>μὲν</em></strong></span> <span class='ocrx_word' id='word_1_44' title='bbox 788 497 878 539; x_wconf 90' lang='grc' dir='ltr'><strong><em>τοῖς</em></strong></span> <span class='ocrx_word' id='word_1_45' title='bbox 927 490 1221 546; x_wconf 83' lang='grc' dir='ltr'><strong><em>ἁπλούστερον</em></strong></span> <span class='ocrx_word' id='word_1_46' title='bbox 1269 491 1504 549; x_wconf 66' lang='grc' dir='ltr'><strong><em>εἰρημένοις</em></strong></span> 
     </span>
     <span class='ocr_line' id='line_1_11' title="bbox 186 557 1504 616; baseline 0.003 -17"><span class='ocrx_word' id='word_1_47' title='bbox 186 557 381 612; x_wconf 81' lang='grc' dir='ltr'><strong><em>ὁρισμοῖς</em></strong></span> <span class='ocrx_word' id='word_1_48' title='bbox 423 558 446 600; x_wconf 89' lang='grc' dir='ltr'><strong><em>ὁ</em></strong></span> <span class='ocrx_word' id='word_1_49' title='bbox 484 559 531 600; x_wconf 90' lang='grc' dir='ltr'><strong><em>τὸ</em></strong></span> <span class='ocrx_word' id='word_1_50' title='bbox 568 560 755 614; x_wconf 89' lang='grc' dir='ltr'><strong><em>πόριμον</em></strong></span> <span class='ocrx_word' id='word_1_51' title='bbox 792 559 1065 614; x_wconf 77' lang='grc' dir='ltr'><strong><em>ὁρισάμενος,</em></strong></span> <span class='ocrx_word' id='word_1_52' title='bbox 1108 560 1155 602; x_wconf 86' lang='grc' dir='ltr'><strong><em>ἐν</em></strong></span> <span class='ocrx_word' id='word_1_53' title='bbox 1191 558 1239 602; x_wconf 76' lang='grc' dir='ltr'><strong><em>δὲ</em></strong></span> <span class='ocrx_word' id='word_1_54' title='bbox 1274 568 1365 610; x_wconf 86' lang='grc' dir='ltr'><strong><em>τοῖς</em></strong></span> <span class='ocrx_word' id='word_1_55' title='bbox 1400 564 1504 616; x_wconf 50' lang='lat'><strong><em>6121&amp;-</em></strong></span> 
     </span>
     <span class='ocr_line' id='line_1_12' title="bbox 184 626 1505 685; baseline 0.003 -17"><span class='ocrx_word' id='word_1_56' title='bbox 184 626 492 681; x_wconf 86' lang='grc' dir='ltr'><strong><em>πεπλεγμένοις</em></strong></span> <span class='ocrx_word' id='word_1_57' title='bbox 522 626 545 669; x_wconf 92' lang='grc' dir='ltr'><strong><em>ὁ</em></strong></span> <span class='ocrx_word' id='word_1_58' title='bbox 576 628 624 669; x_wconf 88' lang='grc' dir='ltr'><strong><em>τὸ</em></strong></span> <span class='ocrx_word' id='word_1_59' title='bbox 656 628 877 684; x_wconf 77' lang='grc' dir='ltr'><strong><em>γνώριμον</em></strong></span> <span class='ocrx_word' id='word_1_60' title='bbox 907 629 993 683; x_wconf 78' lang='grc' dir='ltr'><strong><em>ἅμα</em></strong></span> <span class='ocrx_word' id='word_1_61' title='bbox 1017 628 1088 671; x_wconf 87' lang='grc' dir='ltr'><strong><em>καὶ</em></strong></span> <span class='ocrx_word' id='word_1_62' title='bbox 1113 631 1315 685; x_wconf 91' lang='grc' dir='ltr'><strong><em>πόριμον·</em></strong></span> <span class='ocrx_word' id='word_1_63' title='bbox 1347 629 1505 682; x_wconf 71' lang='grc' dir='ltr'><strong><em>ἀτελεῖς</em></strong></span> 
     </span>
     <span class='ocr_line' id='line_1_13' title="bbox 185 693 1505 756; baseline 0.004 -19"><span class='ocrx_word' id='word_1_64' title='bbox 185 693 233 737; x_wconf 72' lang='grc' dir='ltr'><strong><em>δὲ</em></strong></span> <span class='ocrx_word' id='word_1_65' title='bbox 269 697 314 737; x_wconf 79' lang='grc' dir='ltr'><strong><em>οἱ</em></strong></span> <span class='ocrx_word' id='word_1_66' title='bbox 347 695 490 738; x_wconf 85' lang='grc' dir='ltr'><strong><em>λοιποὶ</em></strong></span> <span class='ocrx_word' id='word_1_67' title='bbox 525 697 693 747; x_wconf 88' lang='grc' dir='ltr'><strong><em>πάντες.</em></strong></span> <span class='ocrx_word' id='word_1_68' title='bbox 753 698 852 739; x_wconf 79' lang='grc' dir='ltr'><strong><em>οὔτε</em></strong></span> <span class='ocrx_word' id='word_1_69' title='bbox 882 698 964 754; x_wconf 82' lang='grc' dir='ltr'><strong><em>γὰρ</em></strong></span> <span class='ocrx_word' id='word_1_70' title='bbox 996 698 1019 740; x_wconf 94' lang='grc' dir='ltr'><strong><em>ὁ</em></strong></span> <span class='ocrx_word' id='word_1_71' title='bbox 1050 699 1098 740; x_wconf 90' lang='grc' dir='ltr'><strong><em>τὸ</em></strong></span> <span class='ocrx_word' id='word_1_72' title='bbox 1129 698 1387 753; x_wconf 80' lang='grc' dir='ltr'><strong><em>τεταγμένον</em></strong></span> <span class='ocrx_word' id='word_1_73' title='bbox 1417 700 1505 756; x_wconf 59' lang='grc' dir='ltr'><strong><em>ὁριε·</em></strong></span> 
     </span>
     <span class='ocr_line' id='line_1_14' title="bbox 186 766 1504 825; baseline 0.005 -19"><span class='ocrx_word' id='word_1_74' title='bbox 186 767 360 819; x_wconf 84' lang='grc' dir='ltr'><strong><em>ζόμενος</em></strong></span> <span class='ocrx_word' id='word_1_75' title='bbox 398 766 614 822; x_wconf 79' lang='grc' dir='ltr'><strong><em>αὐτάρκης</em></strong></span> <span class='ocrx_word' id='word_1_76' title='bbox 655 767 764 822; x_wconf 87' lang='grc' dir='ltr'><strong><em>πρὸς</em></strong></span> <span class='ocrx_word' id='word_1_77' title='bbox 799 768 878 821; x_wconf 82' lang='grc' dir='ltr'><strong><em>τὴν</em></strong></span> <span class='ocrx_word' id='word_1_78' title='bbox 914 773 992 809; x_wconf 89' lang='grc' dir='ltr'><strong><em>τοῦ</em></strong></span> <span class='ocrx_word' id='word_1_79' title='bbox 1029 767 1266 823; x_wconf 74' lang='grc' dir='ltr'><strong><em>δεδομένου</em></strong></span> <span class='ocrx_word' id='word_1_80' title='bbox 1301 771 1504 825; x_wconf 72' lang='grc' dir='ltr'><strong><em>περιοχὴν</em></strong></span> 
     </span>
     <span class='ocr_line' id='line_1_15' title="bbox 186 828 1506 923; baseline 0.004 -48"><span class='ocrx_word' id='word_1_81' title='bbox 186 835 259 875; x_wconf 80' lang='grc' dir='ltr'><strong><em>διὰ</em></strong></span> <span class='ocrx_word' id='word_1_82' title='bbox 288 836 336 876; x_wconf 88' lang='grc' dir='ltr'><strong><em>τὸ</em></strong></span> <span class='ocrx_word' id='word_1_83' title='bbox 361 836 465 889; x_wconf 85' lang='grc' dir='ltr'><strong><em>μήτε</em></strong></span> <span class='ocrx_word' id='word_1_84' title='bbox 489 842 576 877; x_wconf 84' lang='grc' dir='ltr'><strong><em>πᾶν</em></strong></span> <span class='ocrx_word' id='word_1_85' title='bbox 600 837 703 890; x_wconf 81' lang='grc' dir='ltr'><strong><em>μήτε</em></strong></span> <span class='ocrx_word' id='word_1_86' title='bbox 727 838 863 890; x_wconf 91' lang='grc' dir='ltr'><strong><em>μόνον</em></strong></span> <span class='ocrx_word' id='word_1_87' title='bbox 888 837 936 878; x_wconf 89' lang='grc' dir='ltr'><strong><em>τὸ</em></strong></span> <span class='ocrx_word' id='word_1_88' title='bbox 962 837 1221 923; x_wconf 81' lang='grc' dir='ltr'><strong><em>τεταγμένον</em></strong></span> <span class='ocrx_word' id='word_1_89' title='bbox 1245 835 1355 880; x_wconf 83' lang='grc' dir='ltr'><strong><em>εἶναι</em></strong></span> <span class='ocrx_word' id='word_1_90' title='bbox 1379 828 1506 880; x_wconf 44' lang='lat' dir='ltr'><strong><em>nocta-f*</em></strong></span> 
     </span>
     <span class='ocr_line' id='line_1_16' title="bbox 184 904 1505 960; baseline 0.003 -15"><span class='ocrx_word' id='word_1_91' title='bbox 184 906 360 958; x_wconf 74' lang='grc' dir='ltr'><strong><em>ληπτόν,</em></strong></span> <span class='ocrx_word' id='word_1_92' title='bbox 391 904 500 946; x_wconf 81' lang='grc' dir='ltr'><strong><em>ἀλλὰ</em></strong></span> <span class='ocrx_word' id='word_1_93' title='bbox 529 904 602 946; x_wconf 84' lang='grc' dir='ltr'><strong><em>καὶ</em></strong></span> <span class='ocrx_word' id='word_1_94' title='bbox 631 912 719 946; x_wconf 85' lang='grc' dir='ltr'><strong><em>τῶν</em></strong></span> <span class='ocrx_word' id='word_1_95' title='bbox 750 905 944 947; x_wconf 79' lang='grc' dir='ltr'><strong><em>ἀτάκτων</em></strong></span> <span class='ocrx_word' id='word_1_96' title='bbox 974 906 1086 960; x_wconf 76' lang='grc' dir='ltr'><strong><em>τινά,</em></strong></span> <span class='ocrx_word' id='word_1_97' title='bbox 1116 907 1175 956; x_wconf 83' lang='grc' dir='ltr'><strong><em>ὡς</em></strong></span> <span class='ocrx_word' id='word_1_98' title='bbox 1206 906 1505 949; x_wconf 82' lang='grc' dir='ltr'><strong><em>ἐπιδέδεικται</em></strong></span> 
     </span>
     <span class='ocr_line' id='line_1_17' title="bbox 184 973 1511 1038; baseline 0.004 -24"><span class='ocrx_word' id='word_1_99' title='bbox 184 974 283 1015; x_wconf 78' lang='grc' dir='ltr'><strong><em>οὔτε</em></strong></span> <span class='ocrx_word' id='word_1_100' title='bbox 325 973 487 1023; x_wconf 82' lang='grc' dir='ltr'><strong><em>ἐκεῖνος</em></strong></span> <span class='ocrx_word' id='word_1_101' title='bbox 524 975 671 1024; x_wconf 86' lang='grc' dir='ltr'><strong><em>ικανὸς</em></strong></span> <span class='ocrx_word' id='word_1_102' title='bbox 713 975 735 1016; x_wconf 94' lang='grc' dir='ltr'><strong><em>ὁ</em></strong></span> <span class='ocrx_word' id='word_1_103' title='bbox 772 976 993 1031; x_wconf 78' lang='grc' dir='ltr'><strong><em>γνώριμον</em></strong></span> <span class='ocrx_word' id='word_1_104' title='bbox 1036 975 1141 1018; x_wconf 86' lang='grc' dir='ltr'><strong><em>αὐτὸ</em></strong></span> <span class='ocrx_word' id='word_1_105' title='bbox 1178 976 1511 1038; x_wconf 41' lang='grc' dir='ltr'><strong><em>ἀφοριζόμενοςζ,</em></strong></span> 
     </span>
     <span class='ocr_line' id='line_1_18' title="bbox 184 1041 1505 1100; baseline 0.004 -17"><span class='ocrx_word' id='word_1_106' title='bbox 184 1041 285 1084; x_wconf 77' lang='grc' dir='ltr'><strong><em>οὐδὲ</em></strong></span> <span class='ocrx_word' id='word_1_107' title='bbox 322 1044 404 1099; x_wconf 84' lang='grc' dir='ltr'><strong><em>γὰρ</em></strong></span> <span class='ocrx_word' id='word_1_108' title='bbox 436 1049 564 1085; x_wconf 88' lang='grc' dir='ltr'><strong><em>τοῦτο</em></strong></span> <span class='ocrx_word' id='word_1_109' title='bbox 601 1050 689 1085; x_wconf 84' lang='grc' dir='ltr'><strong><em>πᾶν</em></strong></span> <span class='ocrx_word' id='word_1_110' title='bbox 720 1043 808 1085; x_wconf 80' lang='grc' dir='ltr'><strong><em>ἐστ-ι</em></strong></span> <span class='ocrx_word' id='word_1_111' title='bbox 838 1047 1128 1099; x_wconf 83' lang='grc' dir='ltr'><strong><em>καταληπτόν,</em></strong></span> <span class='ocrx_word' id='word_1_112' title='bbox 1170 1047 1211 1087; x_wconf 80' lang='grc' dir='ltr'><strong><em>εἰ</em></strong></span> <span class='ocrx_word' id='word_1_113' title='bbox 1244 1045 1315 1087; x_wconf 84' lang='grc' dir='ltr'><strong><em>καὶ</em></strong></span> <span class='ocrx_word' id='word_1_114' title='bbox 1351 1048 1505 1100; x_wconf 57' lang='grc' dir='ltr'><strong><em>μόνονξ</em></strong></span> 
     </span>
     <span class='ocr_line' id='line_1_19' title="bbox 183 1113 1506 1170; baseline 0.002 -16"><span class='ocrx_word' id='word_1_115' title='bbox 183 1113 230 1154; x_wconf 88' lang='grc' dir='ltr'><strong><em>τὸ</em></strong></span> <span class='ocrx_word' id='word_1_116' title='bbox 268 1113 349 1168; x_wconf 82' lang='grc' dir='ltr'><strong><em>γὰρ</em></strong></span> <span class='ocrx_word' id='word_1_117' title='bbox 388 1113 612 1166; x_wconf 88' lang='grc' dir='ltr'><strong><em>άγνωστον</em></strong></span> <span class='ocrx_word' id='word_1_118' title='bbox 649 1114 728 1155; x_wconf 84' lang='grc' dir='ltr'><strong><em>οὐκ</em></strong></span> <span class='ocrx_word' id='word_1_119' title='bbox 765 1113 820 1155; x_wconf 78' lang='grc' dir='ltr'><strong><em>ἂν</em></strong></span> <span class='ocrx_word' id='word_1_120' title='bbox 850 1117 915 1167; x_wconf 80' lang='grc' dir='ltr'><strong><em>εἴη</em></strong></span> <span class='ocrx_word' id='word_1_121' title='bbox 946 1116 1228 1168; x_wconf 81' lang='grc' dir='ltr'><strong><em>καταληπτόν.</em></strong></span> <span class='ocrx_word' id='word_1_122' title='bbox 1289 1113 1391 1156; x_wconf 77' lang='grc' dir='ltr'><strong><em>οὐδὲ</em></strong></span> <span class='ocrx_word' id='word_1_123' title='bbox 1420 1116 1506 1170; x_wconf 65' lang='grc' dir='ltr'><strong><em>μὴν</em></strong></span> 
     </span>
     <span class='ocr_line' id='line_1_20' title="bbox 184 1181 1509 1264; baseline 0.003 -41"><span class='ocrx_word' id='word_1_124' title='bbox 184 1181 206 1223; x_wconf 90' lang='grc' dir='ltr'><strong><em>ὁ</em></strong></span> <span class='ocrx_word' id='word_1_125' title='bbox 238 1182 370 1237; x_wconf 83' lang='grc' dir='ltr'><strong><em>ῥητὸν</em></strong></span> <span class='ocrx_word' id='word_1_126' title='bbox 401 1182 506 1224; x_wconf 86' lang='grc' dir='ltr'><strong><em>αὐτὸ</em></strong></span> <span class='ocrx_word' id='word_1_127' title='bbox 538 1182 886 1237; x_wconf 85' lang='grc' dir='ltr'><strong><em>ἀποφαινόμενος</em></strong></span> <span class='ocrx_word' id='word_1_128' title='bbox 918 1183 1018 1238; x_wconf 84' lang='grc' dir='ltr'><strong><em>ὅρος</em></strong></span> <span class='ocrx_word' id='word_1_129' title='bbox 1048 1183 1207 1233; x_wconf 83' lang='grc' dir='ltr'><strong><em>τέλειος</em></strong></span> <span class='ocrx_word' id='word_1_130' title='bbox 1237 1186 1371 1227; x_wconf 82' lang='grc' dir='ltr'><strong><em>ἐ’·σται</em></strong></span> <span class='ocrx_word' id='word_1_131' title='bbox 1403 1182 1509 1264; x_wconf 65' lang='grc' dir='ltr'><strong><em>σύδξῐ</em></strong></span> 
     </span>
     <span class='ocr_line' id='line_1_21' title="bbox 183 1240 1510 1307; baseline 0.004 -16"><span class='ocrx_word' id='word_1_132' title='bbox 183 1251 264 1305; x_wconf 80' lang='grc' dir='ltr'><strong><em>γὰρ</em></strong></span> <span class='ocrx_word' id='word_1_133' title='bbox 301 1256 430 1292; x_wconf 90' lang='grc' dir='ltr'><strong><em>τοῦτο</em></strong></span> <span class='ocrx_word' id='word_1_134' title='bbox 466 1253 603 1305; x_wconf 92' lang='grc' dir='ltr'><strong><em>μόνον</em></strong></span> <span class='ocrx_word' id='word_1_135' title='bbox 638 1254 928 1306; x_wconf 83' lang='grc' dir='ltr'><strong><em>καταληπτόν,</em></strong></span> <span class='ocrx_word' id='word_1_136' title='bbox 972 1252 1063 1294; x_wconf 82' lang='grc' dir='ltr'><strong><em>ἐπεὶ</em></strong></span> <span class='ocrx_word' id='word_1_137' title='bbox 1101 1252 1173 1295; x_wconf 87' lang='grc' dir='ltr'><strong><em>καὶ</em></strong></span> <span class='ocrx_word' id='word_1_138' title='bbox 1210 1260 1297 1295; x_wconf 88' lang='grc' dir='ltr'><strong><em>τῶν</em></strong></span> <span class='ocrx_word' id='word_1_139' title='bbox 1334 1240 1510 1307; x_wconf 61' lang='grc' dir='ltr'><strong><em>ἀλόγωιῘ</em></strong></span> 
     </span>
     <span class='ocr_line' id='line_1_22' title="bbox 182 1318 1506 1377; baseline 0.003 -16"><span class='ocrx_word' id='word_1_140' title='bbox 182 1321 297 1362; x_wconf 86' lang='grc' dir='ltr'><strong><em>τινά·</em></strong></span> <span class='ocrx_word' id='word_1_141' title='bbox 329 1324 433 1370; x_wconf 81' lang='grc' dir='ltr'><strong><em>ἴσως</em></strong></span> <span class='ocrx_word' id='word_1_142' title='bbox 463 1318 511 1362; x_wconf 90' lang='grc' dir='ltr'><strong><em>δε</em></strong></span> <span class='ocrx_word' id='word_1_143' title='bbox 541 1318 644 1363; x_wconf 75' lang='grc' dir='ltr'><strong><em>οὐδὲ</em></strong></span> <span class='ocrx_word' id='word_1_144' title='bbox 673 1327 760 1363; x_wconf 85' lang='grc' dir='ltr'><strong><em>πᾶν</em></strong></span> <span class='ocrx_word' id='word_1_145' title='bbox 790 1322 838 1363; x_wconf 88' lang='grc' dir='ltr'><strong><em>τὸ</em></strong></span> <span class='ocrx_word' id='word_1_146' title='bbox 869 1322 1002 1377; x_wconf 82' lang='grc' dir='ltr'><strong><em>ῥητὸν</em></strong></span> <span class='ocrx_word' id='word_1_147' title='bbox 1031 1325 1315 1377; x_wconf 83' lang='grc' dir='ltr'><strong><em>καταληπτόν,</em></strong></span> <span class='ocrx_word' id='word_1_148' title='bbox 1346 1323 1405 1373; x_wconf 81' lang='grc' dir='ltr'><strong><em>ὡς</em></strong></span> <span class='ocrx_word' id='word_1_149' title='bbox 1433 1321 1506 1367; x_wconf 61' lang='lat' dir='ltr'><strong><em>mxl</em></strong></span> 
     </span>
     <span class='ocr_line' id='line_1_23' title="bbox 182 1391 1504 1447; baseline 0.002 -16"><span class='ocrx_word' id='word_1_150' title='bbox 182 1396 312 1431; x_wconf 88' lang='grc' dir='ltr'><strong><em>τοῦτο</em></strong></span> <span class='ocrx_word' id='word_1_151' title='bbox 348 1391 574 1445; x_wconf 86' lang='grc' dir='ltr'><strong><em>διώρισται</em></strong></span> <span class='ocrx_word' id='word_1_152' title='bbox 610 1393 833 1447; x_wconf 89' lang='grc' dir='ltr'><strong><em>πρότερον.</em></strong></span> <span class='ocrx_word' id='word_1_153' title='bbox 894 1394 1082 1433; x_wconf 81' lang='grc' dir='ltr'><strong><em>λείπεται</em></strong></span> <span class='ocrx_word' id='word_1_154' title='bbox 1119 1393 1172 1446; x_wconf 86' lang='grc' dir='ltr'><strong><em>δὴ</em></strong></span> <span class='ocrx_word' id='word_1_155' title='bbox 1211 1392 1257 1433; x_wconf 85' lang='grc' dir='ltr'><strong><em>ἐν</em></strong></span> <span class='ocrx_word' id='word_1_156' title='bbox 1287 1399 1378 1441; x_wconf 86' lang='grc' dir='ltr'><strong><em>τοῖς</em></strong></span> <span class='ocrx_word' id='word_1_157' title='bbox 1407 1392 1504 1434; x_wconf 73' lang='lat' dir='ltr'><strong><em>dvo-</em></strong></span> 
     </span>
     <span class='ocr_line' id='line_1_24' title="bbox 181 1459 1510 1516; baseline 0.003 -16"><span class='ocrx_word' id='word_1_158' title='bbox 181 1466 397 1513; x_wconf 83' lang='grc' dir='ltr'><strong><em>μαστικῶς</em></strong></span> <span class='ocrx_word' id='word_1_159' title='bbox 415 1459 751 1514; x_wconf 89' lang='grc' dir='ltr'><strong><em>ἀποδεδομένοις</em></strong></span> <span class='ocrx_word' id='word_1_160' title='bbox 769 1461 817 1502; x_wconf 87' lang='grc' dir='ltr'><strong><em>τὸ</em></strong></span> <span class='ocrx_word' id='word_1_161' title='bbox 837 1463 1036 1516; x_wconf 82' lang='grc' dir='ltr'><strong><em>πόριμον,</em></strong></span> <span class='ocrx_word' id='word_1_162' title='bbox 1062 1461 1164 1516; x_wconf 81' lang='grc' dir='ltr'><strong><em>ὅπερ</em></strong></span> <span class='ocrx_word' id='word_1_163' title='bbox 1185 1462 1306 1503; x_wconf 83' lang='grc' dir='ltr'><strong><em>δοκεῖ</em></strong></span> <span class='ocrx_word' id='word_1_164' title='bbox 1321 1462 1510 1516; x_wconf 78' lang='grc' dir='ltr'><strong><em>μάλιστα-</em></strong></span> 
     </span>
     <span class='ocr_line' id='line_1_25' title="bbox 182 1529 1507 1589; baseline 0.002 -20"><span class='ocrx_word' id='word_1_165' title='bbox 182 1529 261 1582; x_wconf 86' lang='grc' dir='ltr'><strong><em>τὴν</em></strong></span> <span class='ocrx_word' id='word_1_166' title='bbox 296 1529 539 1582; x_wconf 81' lang='grc' dir='ltr'><strong><em>κατάληψιν</em></strong></span> <span class='ocrx_word' id='word_1_167' title='bbox 576 1529 818 1583; x_wconf 84' lang='grc' dir='ltr'><strong><em>ἐμφαίνειν·</em></strong></span> <span class='ocrx_word' id='word_1_168' title='bbox 866 1529 938 1571; x_wconf 80' lang='grc' dir='ltr'><strong><em>καὶ</em></strong></span> <span class='ocrx_word' id='word_1_169' title='bbox 981 1530 1063 1585; x_wconf 80' lang='grc' dir='ltr'><strong><em>γὰρ</em></strong></span> <span class='ocrx_word' id='word_1_170' title='bbox 1105 1536 1193 1572; x_wconf 83' lang='grc' dir='ltr'><strong><em>πᾶν</em></strong></span> <span class='ocrx_word' id='word_1_171' title='bbox 1234 1531 1281 1572; x_wconf 91' lang='grc' dir='ltr'><strong><em>τὸ</em></strong></span> <span class='ocrx_word' id='word_1_172' title='bbox 1318 1533 1507 1589; x_wconf 61' lang='grc' dir='ltr'><strong><em>πόριμονΙ</em></strong></span> 
     </span>
     <span class='ocr_line' id='line_1_26' title="bbox 180 1592 1508 1656; baseline 0.002 -17"><span class='ocrx_word' id='word_1_173' title='bbox 180 1598 452 1651; x_wconf 84' lang='grc' dir='ltr'><strong><em>καταληπτὸν</em></strong></span> <span class='ocrx_word' id='word_1_174' title='bbox 476 1597 548 1639; x_wconf 85' lang='grc' dir='ltr'><strong><em>καὶ</em></strong></span> <span class='ocrx_word' id='word_1_175' title='bbox 572 1600 719 1652; x_wconf 90' lang='grc' dir='ltr'><strong><em>μόνον.</em></strong></span> <span class='ocrx_word' id='word_1_176' title='bbox 768 1605 827 1655; x_wconf 78' lang='grc' dir='ltr'><strong><em>τῷ</em></strong></span> <span class='ocrx_word' id='word_1_177' title='bbox 854 1597 901 1640; x_wconf 78' lang='grc' dir='ltr'><strong><em>δὲ</em></strong></span> <span class='ocrx_word' id='word_1_178' title='bbox 920 1600 1101 1656; x_wconf 79' lang='grc' dir='ltr'><strong><em>τοιούτῳ</em></strong></span> <span class='ocrx_word' id='word_1_179' title='bbox 1127 1598 1198 1641; x_wconf 84' lang='grc' dir='ltr'><strong><em>καὶ</em></strong></span> <span class='ocrx_word' id='word_1_180' title='bbox 1223 1600 1246 1642; x_wconf 93' lang='grc' dir='ltr'><strong><em>ὁ</em></strong></span> <span class='ocrx_word' id='word_1_181' title='bbox 1266 1592 1508 1654; x_wconf 62' lang='grc' dir='ltr'><strong><em>Εὐκλείδης&gt;</em></strong></span> 
     </span>
     <span class='ocr_line' id='line_1_27' title="bbox 182 1666 1502 1725; baseline 0.002 -17"><span class='ocrx_word' id='word_1_182' title='bbox 182 1666 390 1722; x_wconf 80' lang='grc' dir='ltr'><strong><em>ἐχρήσατο</em></strong></span> <span class='ocrx_word' id='word_1_183' title='bbox 410 1667 496 1724; x_wconf 77' lang='grc' dir='ltr'><strong><em>ὅρῳ</em></strong></span> <span class='ocrx_word' id='word_1_184' title='bbox 522 1668 574 1708; x_wconf 79' lang='grc' dir='ltr'><strong><em>τὰ</em></strong></span> <span class='ocrx_word' id='word_1_185' title='bbox 593 1668 686 1721; x_wconf 73' lang='grc' dir='ltr'><strong><em>εἴδη</em></strong></span> <span class='ocrx_word' id='word_1_186' title='bbox 711 1673 789 1709; x_wconf 86' lang='grc' dir='ltr'><strong><em>τοῦ</em></strong></span> <span class='ocrx_word' id='word_1_187' title='bbox 809 1667 1045 1722; x_wconf 84' lang='grc' dir='ltr'><strong><em>δεδομένου</em></strong></span> <span class='ocrx_word' id='word_1_188' title='bbox 1063 1669 1203 1710; x_wconf 89' lang='grc' dir='ltr'><strong><em>πάντα</em></strong></span> <span class='ocrx_word' id='word_1_189' title='bbox 1221 1669 1502 1725; x_wconf 88' lang='grc' dir='ltr'><strong><em>ὑπογράφων.</em></strong></span> 
     </span>
     <span class='ocr_line' id='line_1_28' title="bbox 180 1734 1502 1792; baseline 0.002 -14"><span class='ocrx_word' id='word_1_190' title='bbox 180 1743 268 1778; x_wconf 85' lang='grc' dir='ltr'><strong><em>τῶν</em></strong></span> <span class='ocrx_word' id='word_1_191' title='bbox 300 1734 348 1778; x_wconf 73' lang='grc' dir='ltr'><strong><em>δὲ</em></strong></span> <span class='ocrx_word' id='word_1_192' title='bbox 378 1735 606 1778; x_wconf 84' lang='grc' dir='ltr'><strong><em>συνθέτων</em></strong></span> <span class='ocrx_word' id='word_1_193' title='bbox 631 1737 825 1792; x_wconf 88' lang='grc' dir='ltr'><strong><em>ὁρισμῶν</em></strong></span> <span class='ocrx_word' id='word_1_194' title='bbox 848 1739 981 1791; x_wconf 90' lang='grc' dir='ltr'><strong><em>μόνος</em></strong></span> <span class='ocrx_word' id='word_1_195' title='bbox 1010 1737 1171 1787; x_wconf 82' lang='grc' dir='ltr'><strong><em>τέλειός</em></strong></span> <span class='ocrx_word' id='word_1_196' title='bbox 1195 1738 1312 1780; x_wconf 77' lang='grc' dir='ltr'><strong><em>ἐστιν</em></strong></span> <span class='ocrx_word' id='word_1_197' title='bbox 1343 1738 1366 1780; x_wconf 95' lang='grc' dir='ltr'><strong><em>ὁ</em></strong></span> <span class='ocrx_word' id='word_1_198' title='bbox 1391 1738 1502 1792; x_wconf 80' lang='grc' dir='ltr'><strong><em>γνώ-</em></strong></span> 
     </span>
     <span class='ocr_line' id='line_1_29' title="bbox 181 1805 1510 1863; baseline 0.002 -16"><span class='ocrx_word' id='word_1_199' title='bbox 181 1821 310 1861; x_wconf 90' lang='grc' dir='ltr'><strong><em>ριμον</em></strong></span> <span class='ocrx_word' id='word_1_200' title='bbox 353 1807 439 1860; x_wconf 80' lang='grc' dir='ltr'><strong><em>ἅμα</em></strong></span> <span class='ocrx_word' id='word_1_201' title='bbox 481 1805 555 1847; x_wconf 83' lang='grc' dir='ltr'><strong><em>καὶ</em></strong></span> <span class='ocrx_word' id='word_1_202' title='bbox 589 1808 778 1862; x_wconf 90' lang='grc' dir='ltr'><strong><em>πόριμον</em></strong></span> <span class='ocrx_word' id='word_1_203' title='bbox 819 1807 867 1848; x_wconf 89' lang='grc' dir='ltr'><strong><em>τὸ</em></strong></span> <span class='ocrx_word' id='word_1_204' title='bbox 905 1806 1139 1861; x_wconf 87' lang='grc' dir='ltr'><strong><em>δεδομένον</em></strong></span> <span class='ocrx_word' id='word_1_205' title='bbox 1181 1807 1510 1863; x_wconf 55' lang='grc' dir='ltr'><strong><em>ἀφοριζόμενοςς</em></strong></span> 
     </span>
     <span class='ocr_line' id='line_1_30' title="bbox 180 1873 1502 1933; baseline 0.002 -17"><span class='ocrx_word' id='word_1_206' title='bbox 180 1875 296 1929; x_wconf 86' lang='grc' dir='ltr'><strong><em>γένει</em></strong></span> <span class='ocrx_word' id='word_1_207' title='bbox 331 1873 411 1929; x_wconf 76' lang='grc' dir='ltr'><strong><em>μὲν</em></strong></span> <span class='ocrx_word' id='word_1_208' title='bbox 447 1874 663 1928; x_wconf 81' lang='grc' dir='ltr'><strong><em>ἀνάλογον</em></strong></span> <span class='ocrx_word' id='word_1_209' title='bbox 705 1877 815 1929; x_wconf 82' lang='grc' dir='ltr'><strong><em>ἔχων</em></strong></span> <span class='ocrx_word' id='word_1_210' title='bbox 858 1877 907 1917; x_wconf 89' lang='grc' dir='ltr'><strong><em>τὸ</em></strong></span> <span class='ocrx_word' id='word_1_211' title='bbox 945 1877 1183 1931; x_wconf 83' lang='grc' dir='ltr'><strong><em>γνώριμον,</em></strong></span> <span class='ocrx_word' id='word_1_212' title='bbox 1226 1877 1418 1933; x_wconf 80' lang='grc' dir='ltr'><strong><em>διαφορᾷ</em></strong></span> <span class='ocrx_word' id='word_1_213' title='bbox 1453 1873 1502 1918; x_wconf 62' lang='grc' dir='ltr'><strong><em>δὲ</em></strong></span> 
     </span>
     <span class='ocr_line' id='line_1_31' title="bbox 179 1941 1500 2000; baseline 0.002 -14"><span class='ocrx_word' id='word_1_214' title='bbox 179 1945 228 1986; x_wconf 89' lang='grc' dir='ltr'><strong><em>τὸ</em></strong></span> <span class='ocrx_word' id='word_1_215' title='bbox 258 1946 455 2000; x_wconf 89' lang='grc' dir='ltr'><strong><em>πόριμον.</em></strong></span> <span class='ocrx_word' id='word_1_216' title='bbox 511 1943 533 1986; x_wconf 89' lang='grc' dir='ltr'><strong><em>ὁ</em></strong></span> <span class='ocrx_word' id='word_1_217' title='bbox 565 1941 614 1985; x_wconf 76' lang='grc' dir='ltr'><strong><em>δὲ</em></strong></span> <span class='ocrx_word' id='word_1_218' title='bbox 644 1943 902 1999; x_wconf 83' lang='grc' dir='ltr'><strong><em>τεταγμένον</em></strong></span> <span class='ocrx_word' id='word_1_219' title='bbox 932 1945 1018 1998; x_wconf 78' lang='grc' dir='ltr'><strong><em>ἅμα</em></strong></span> <span class='ocrx_word' id='word_1_220' title='bbox 1048 1943 1119 1986; x_wconf 85' lang='grc' dir='ltr'><strong><em>καὶ</em></strong></span> <span class='ocrx_word' id='word_1_221' title='bbox 1149 1947 1336 2000; x_wconf 87' lang='grc' dir='ltr'><strong><em>πόριμον</em></strong></span> <span class='ocrx_word' id='word_1_222' title='bbox 1363 1943 1500 1999; x_wconf 81' lang='grc' dir='ltr'><strong><em>λέγων</em></strong></span> 
     </span>
     <span class='ocr_line' id='line_1_32' title="bbox 180 2011 1506 2069; baseline 0.001 -14"><span class='ocrx_word' id='word_1_223' title='bbox 180 2013 350 2067; x_wconf 81' lang='grc' dir='ltr'><strong><em>ἀτελής·</em></strong></span> <span class='ocrx_word' id='word_1_224' title='bbox 393 2013 445 2055; x_wconf 87' lang='grc' dir='ltr'><strong><em>οὐ</em></strong></span> <span class='ocrx_word' id='word_1_225' title='bbox 476 2015 587 2068; x_wconf 90' lang='grc' dir='ltr'><strong><em>μόνα</em></strong></span> <span class='ocrx_word' id='word_1_226' title='bbox 618 2014 700 2069; x_wconf 81' lang='grc' dir='ltr'><strong><em>γὰρ</em></strong></span> <span class='ocrx_word' id='word_1_227' title='bbox 732 2014 783 2055; x_wconf 80' lang='grc' dir='ltr'><strong><em>τὰ</em></strong></span> <span class='ocrx_word' id='word_1_228' title='bbox 813 2014 991 2055; x_wconf 85' lang='grc' dir='ltr'><strong><em>τοιαῦτά</em></strong></span> <span class='ocrx_word' id='word_1_229' title='bbox 1022 2013 1111 2056; x_wconf 80' lang='grc' dir='ltr'><strong><em>ἐστι</em></strong></span> <span class='ocrx_word' id='word_1_230' title='bbox 1147 2013 1368 2069; x_wconf 85' lang='grc' dir='ltr'><strong><em>δεδομένα.</em></strong></span> <span class='ocrx_word' id='word_1_231' title='bbox 1427 2011 1506 2057; x_wconf 69' lang='lat' dir='ltr'><strong><em>nal?</em></strong></span> 
     </span>
     <span class='ocr_line' id='line_1_33' title="bbox 179 2081 1499 2139; baseline 0.002 -15"><span class='ocrx_word' id='word_1_232' title='bbox 179 2082 202 2125; x_wconf 88' lang='grc' dir='ltr'><strong><em>ὁ</em></strong></span> <span class='ocrx_word' id='word_1_233' title='bbox 233 2081 493 2137; x_wconf 88' lang='grc' dir='ltr'><strong><em>τεταγμένον</em></strong></span> <span class='ocrx_word' id='word_1_234' title='bbox 529 2081 600 2124; x_wconf 81' lang='grc' dir='ltr'><strong><em>καὶ</em></strong></span> <span class='ocrx_word' id='word_1_235' title='bbox 637 2083 770 2137; x_wconf 83' lang='grc' dir='ltr'><strong><em>ῥητὸν</em></strong></span> <span class='ocrx_word' id='word_1_236' title='bbox 805 2082 963 2136; x_wconf 86' lang='grc' dir='ltr'><strong><em>ὁμοίως</em></strong></span> <span class='ocrx_word' id='word_1_237' title='bbox 999 2082 1202 2132; x_wconf 79' lang='grc' dir='ltr'><strong><em>ἐλλειπῶς</em></strong></span> <span class='ocrx_word' id='word_1_238' title='bbox 1230 2082 1415 2139; x_wconf 83' lang='grc' dir='ltr'><strong><em>περιέχει</em></strong></span> <span class='ocrx_word' id='word_1_239' title='bbox 1450 2083 1499 2126; x_wconf 77' lang='grc' dir='ltr'><strong><em>τὸ</em></strong></span> 
     </span>
    </p>
   </div>
   <div class='ocr_carea' id='block_1_7' title="bbox 178 2164 456 2171">
    <p class='ocr_par' dir='ltr' id='par_1_7' title="bbox 178 2164 456 2171">
     <span class='ocr_line' id='line_1_34' title="bbox 178 2164 456 2171; baseline 0 0"><span class='ocrx_word' id='word_1_240' title='bbox 178 2164 456 2171; x_wconf 95' lang='lat' dir='ltr'><strong><em> </em></strong></span> 
     </span>
    </p>
   </div>
   <div class='ocr_carea' id='block_1_8' title="bbox 177 2206 1502 2346">
    <p class='ocr_par' dir='ltr' id='par_1_8' title="bbox 177 2206 1502 2346">
     <span class='ocr_line' id='line_1_35' title="bbox 271 2206 1502 2300; baseline 0.002 -59"><span class='ocrx_word' id='word_1_241' title='bbox 271 2211 302 2242; x_wconf 85' lang='grc'><strong><em>4.</em></strong></span> <span class='ocrx_word' id='word_1_242' title='bbox 328 2208 492 2242; x_wconf 81' lang='grc' dir='ltr'><strong><em>ἀποδεδο</em></strong></span> <span class='ocrx_word' id='word_1_243' title='bbox 494 2206 618 2252; x_wconf 81' lang='grc' dir='ltr'><strong><em>μένοις</em></strong></span> <span class='ocrx_word' id='word_1_244' title='bbox 642 2207 725 2242; x_wconf 76' lang='lat' dir='ltr'><strong><em>Vat</em></strong></span> <span class='ocrx_word' id='word_1_245' title='bbox 824 2210 876 2242; x_wconf 92' lang='grc'><strong><em>12.</em></strong></span> <span class='ocrx_word' id='word_1_246' title='bbox 901 2206 1088 2300; x_wconf 49' lang='grc' dir='ltr'><strong><em>ἱκανόςῆ,ἔ</em></strong></span> <span class='ocrx_word' id='word_1_247' title='bbox 1071 2207 1129 2241; x_wconf 83' lang='lat' dir='ltr'><strong><em>bis</em></strong></span> <span class='ocrx_word' id='word_1_248' title='bbox 1148 2219 1181 2243; x_wconf 85' lang='lat' dir='ltr'><strong><em>v.</em></strong></span> <span class='ocrx_word' id='word_1_249' title='bbox 1277 2208 1313 2254; x_wconf 88' lang='grc' dir='ltr'><strong><em>ὁ]</em></strong></span> <span class='ocrx_word' id='word_1_250' title='bbox 1339 2219 1407 2243; x_wconf 90' lang='lat' dir='ltr'><strong><em>om.</em></strong></span> <span class='ocrx_word' id='word_1_251' title='bbox 1427 2208 1502 2244; x_wconf 69' lang='lat' dir='ltr'><strong><em>Pv.</em></strong></span> 
     </span>
     <span class='ocr_line' id='line_1_36' title="bbox 225 2253 1499 2334; baseline 0.001 -46"><span class='ocrx_word' id='word_1_252' title='bbox 225 2258 279 2288; x_wconf 82' lang='lat'><strong><em>20.</em></strong></span> <span class='ocrx_word' id='word_1_253' title='bbox 306 2253 478 2300; x_wconf 85' lang='grc' dir='ltr'><strong><em>πόριμον]</em></strong></span> <span class='ocrx_word' id='word_1_254' title='bbox 504 2265 682 2298; x_wconf 84' lang='grc' dir='ltr'><strong><em>πορισμον</em></strong></span> <span class='ocrx_word' id='word_1_255' title='bbox 708 2254 746 2288; x_wconf 90' lang='grc' dir='ltr'><strong><em>Ρ.</em></strong></span> <span class='ocrx_word' id='word_1_256' title='bbox 853 2256 898 2288; x_wconf 81' lang='lat'><strong><em>25</em></strong></span> <span class='ocrx_word' id='word_1_257' title='bbox 937 2253 955 2288; x_wconf 82' lang='grc' dir='ltr'>ἔ</span> <span class='ocrx_word' id='word_1_258' title='bbox 976 2267 1026 2289; x_wconf 90' lang='grc' dir='ltr'><strong><em>ων</em></strong></span> <span class='ocrx_word' id='word_1_259' title='bbox 1056 2253 1152 2334; x_wconf 50' lang='grc' dir='ltr'><strong><em>ἔξον</em></strong></span> <span class='ocrx_word' id='word_1_260' title='bbox 1176 2254 1261 2289; x_wconf 82' lang='lat' dir='ltr'>Vat.</span> <span class='ocrx_word' id='word_1_261' title='bbox 1362 2258 1417 2290; x_wconf 80' lang='lat'><strong><em>26.</em></strong></span> <span class='ocrx_word' id='word_1_262' title='bbox 1442 2265 1499 2289; x_wconf 74' lang='grc' dir='ltr'><strong><em>τε·</em></strong></span> 
     </span>
     <span class='ocr_line' id='line_1_37' title="bbox 177 2297 1279 2346; baseline 0 -11"><span class='ocrx_word' id='word_1_263' title='bbox 177 2298 373 2346; x_wconf 81' lang='grc' dir='ltr'><strong><em>ταγμένον]</em></strong></span> <span class='ocrx_word' id='word_1_264' title='bbox 400 2313 458 2340; x_wconf 83' lang='grc' dir='ltr'><strong><em>-ος</em></strong></span> <span class='ocrx_word' id='word_1_265' title='bbox 483 2312 514 2335; x_wconf 73' lang='lat' dir='ltr'><strong><em>V.</em></strong></span> <span class='ocrx_word' id='word_1_266' title='bbox 611 2298 739 2346; x_wconf 77' lang='grc' dir='ltr'><strong><em>λέγων]</em></strong></span> <span class='ocrx_word' id='word_1_267' title='bbox 765 2297 854 2344; x_wconf 73' lang='grc' dir='ltr'><strong><em>λέγω</em></strong></span> <span class='ocrx_word' id='word_1_268' title='bbox 878 2311 911 2334; x_wconf 82' lang='lat' dir='ltr'><strong><em>v.</em></strong></span> <span class='ocrx_word' id='word_1_269' title='bbox 1111 2300 1124 2345; x_wconf 96' lang='lat'>]</span> <span class='ocrx_word' id='word_1_270' title='bbox 1151 2311 1219 2336; x_wconf 92' lang='lat' dir='ltr'><strong><em>om.</em></strong></span> <span class='ocrx_word' id='word_1_271' title='bbox 1246 2312 1279 2335; x_wconf 81' lang='lat' dir='ltr'><strong><em>v,</em></strong></span> 
     </span>
    </p>
   </div>
  </div>
 </body>
</html>
