1520 2508
155 85 219 119 LII
637 89 999 124 PROLEGOMENA.

155 177 322 212 codicum
347 189 525 213 consensu
550 178 660 214 facile
686 180 767 224 quis
793 180 1007 226 adducatur,
1033 183 1074 217 ut
1097 182 1160 218 ille
1186 185 1250 218 aut
1271 184 1471 230 exemplari
1515 171 1520 234 ἶ

154 241 199 264 ea
225 229 476 275 discrepantia
498 231 575 265 iam
594 232 679 266 ante
699 233 903 268 deformato
922 245 1008 268 usus
1029 234 1088 279 sit,
1114 236 1180 270 aut
1196 235 1276 280 ipse
1294 236 1473 272 Datorum
1515 235 1520 254 “’

153 281 290 316 librum
314 283 538 317 recensuerit
548 284 583 328 ¹).
634 285 700 318 sed
724 296 807 319 cum
830 285 948 331 Pappi
970 286 1061 321 fides
1085 287 1308 331 permultum
1338 289 1378 323 in
1401 289 1472 325 hac

153 345 192 368 re
217 331 389 379 ponderis
414 335 553 370 habeat
577 336 615 370 et
638 347 740 382 prop.
761 340 803 371 77
829 338 955 372 eadem
976 337 1025 372 sit
1043 349 1086 373 ac
1104 350 1205 384 prop.
1226 344 1280 384 54,
1306 351 1407 386 prop.
1429 345 1471 376 78
1493 368 1497 373 .
1516 345 1520 383 ζ

153 388 277 421 autern
303 386 397 421 nihil
421 387 494 422 nisi
517 398 623 422 casus
649 388 801 432 quidam
823 389 1021 434 peculiaris
1045 402 1147 436 prop.
1168 395 1228 436 62,
1259 392 1299 426 id
1323 393 1473 437 quidem
1516 419 1520 438 3

152 449 219 482 pro
245 441 343 474 certo
374 439 589 474 sumendum
608 442 675 485 est,
698 452 826 486 propp.
846 445 901 486 63,
917 445 972 486 77,
988 447 1030 477 78
1054 453 1129 477 non
1153 443 1200 477 ab
1219 443 1372 478 Euclide
1390 455 1472 489 pro-

152 490 270 525 fectas
291 502 333 526 ac
346 491 470 536 potius
489 493 573 537 post
586 492 752 538 Pappum
771 494 808 528 et
821 495 907 528 aute
920 494 1106 529 Theonem
1124 494 1367 541 interpolatas
1380 507 1469 532 esse.
1516 535 1520 539 ,

246 543 323 579 Nec
347 545 432 589 post
456 543 641 579 Theonem
669 546 878 591 defuerunt,
910 546 975 590 qui
999 546 1176 581 Datorum
1205 547 1343 582 librum
1372 548 1472 583 omni

151 606 284 641 genere
302 596 629 641 interpolationum
647 598 949 633 contaminarent.
982 609 1025 632 ac
1043 599 1201 643 primum
1219 599 1368 644 quidem
1387 611 1471 635 con·
1516 641 1520 644 .

152 649 244 693 stat,
283 659 364 683 eam
395 649 698 694 propositionem,
737 661 830 694 quae
860 651 973 696 uulgo
1004 653 1061 686 est
1091 655 1152 695 87,
1190 662 1271 686 curn
1303 653 1471 696 sequenti

152 699 325 735 lemmate
351 701 399 735 ab
424 701 572 736 homine
597 702 890 737 ratiocinationis
916 703 1164 748 sermonisque
1188 703 1356 739 Euclidei
1381 704 1470 740 satis

149 752 268 798 perito
294 753 421 799 primis
453 755 537 799 post
561 754 747 789 Theonem
771 755 927 790 saeculis
952 755 1215 800 interpolatam
1245 767 1335 792 esse.
1383 768 1471 791 nam

151 804 191 839 in
217 805 484 850 antiquissimis
511 807 548 841 et
572 806 719 852 optimis
746 807 933 842 codicibus
965 810 1030 842 aut
1054 808 1158 843 deest
1181 809 1247 843 aut
1270 808 1309 842 in
1334 819 1470 854 appen-

150 856 232 891 dice
257 868 331 891 una
356 868 439 891 cum
463 857 612 892 scholiis
642 858 864 902 quibusdam
894 859 954 894 uel
984 859 1025 894 in
1054 860 1220 905 margine
1251 861 1382 895 addita
1412 863 1470 896 est

149 911 196 953 (u.
223 921 257 954 p.
279 913 347 944 220
370 911 472 954 not).
521 921 640 954 neque
669 912 1052 957 praetermittendum,
1089 913 1129 947 in
1157 913 1469 948 demonstratione

147 960 327 995 nonnulla
350 960 524 1006 inueniri,
559 973 654 1006 quae
678 963 833 999 nimiam
858 964 1092 1009 diligentiam
1115 965 1274 1000 hominis
1300 965 1399 1001 docti
1424 966 1469 1001 de

149 1012 275 1047 schola
299 1012 501 1058 redoleant,
526 1014 630 1048 uelut
652 1026 727 1050 non
747 1016 898 1051 fortuito
917 1016 1058 1051 factum
1076 1018 1142 1061 est,
1168 1019 1219 1062 ut,
1245 1029 1327 1052 cum
1345 1017 1467 1052 Eucli-

149 1065 212 1099 des
237 1064 277 1099 in
300 1065 526 1111 rectangulis
551 1066 804 1111 significandis
828 1068 1033 1113 promiscue
1059 1070 1168 1113 atque
1194 1069 1271 1104 sine
1297 1069 1372 1105 ullo
1395 1069 1468 1104 dis-

148 1116 298 1152 crimine
318 1117 479 1152 mediam
497 1117 661 1153 litteram
681 1120 835 1155 duarum
853 1122 1035 1155 rectarum
1055 1131 1281 1156 communem
1300 1123 1338 1157 et
1352 1124 1469 1167 ponat

148 1170 185 1204 et
204 1169 354 1204 omittat
373 1169 545 1215 dicatque
570 1172 608 1206 et
626 1171 666 1207 τὸ
685 1172 756 1207 ὑπὸ
775 1178 847 1207 τῶν
865 1176 940 1217 AB,
959 1175 1030 1207 ΒΓ
1051 1174 1088 1208 et
1111 1172 1152 1208 τὸ
1170 1173 1242 1208 ὑπὸ
1261 1179 1332 1208 τῶν
1351 1177 1465 1218 ΑΒΓ,

147 1221 392 1267 interpolator
415 1222 478 1258 ille
505 1234 733 1259 communem
756 1224 921 1260 litteram
946 1224 1114 1259 omnibus
1139 1224 1229 1259 locis
1254 1226 1466 1271 reposuerit.

147 1274 293 1308 accedit
323 1275 422 1319 quod
446 1276 559 1310 uerba
584 1289 619 1321 p.
641 1280 719 1320 222,
741 1280 784 1311 28
816 1276 928 1317 οὕτως
952 1277 1021 1322 γὰρ
1047 1277 1163 1312 δοθὲν
1188 1277 1375 1324 ἀφῄρηται
1404 1279 1468 1313 ad-

146 1327 295 1361 modum
328 1329 498 1372 suspecta
530 1329 624 1364 sunt.
687 1328 844 1373 denique
873 1331 955 1364 tota
983 1329 1186 1374 propositio
1216 1329 1255 1364 in
1285 1330 1410 1365 codice
1438 1331 1467 1364 P
1518 1362 1520 1368 .

147 1379 297 1422 quidem
321 1380 447 1414 multis
473 1380 699 1426 compendiis
726 1381 863 1426 scripta
888 1383 954 1427 est,
980 1392 1075 1426 quae
1094 1381 1133 1416 in
1151 1381 1280 1416 ceteris
1299 1382 1467 1426 partibus

146 1430 234 1466 libri
252 1442 326 1467 non
346 1434 548 1467 occurrunt.
587 1432 743 1467 alteram
762 1444 906 1478 quoque
925 1433 1275 1469 demonstrationem
1292 1445 1393 1479 prop.
1413 1438 1466 1479 19,

146 1494 241 1528 quae
254 1483 293 1518 in
307 1484 384 1519 cod.
402 1495 424 1519 a
436 1485 550 1530 deest,
566 1486 652 1530 post
664 1485 848 1520 Theonem
860 1486 1123 1531 interpolatam
1136 1496 1215 1520 esse
1227 1487 1328 1531 puto.
1354 1488 1465 1531 atque
1518 1504 1520 1508 ¹

144 1536 245 1571 idem
263 1536 458 1571 dicendum
477 1538 534 1572 est
558 1538 603 1572 de
622 1537 668 1572 iis
688 1537 963 1580 additamentis,
989 1549 1083 1582 quae
1102 1537 1142 1572 in
1161 1538 1343 1573 communi
1361 1539 1462 1574 fonte

146 1588 251 1624 codd.
277 1588 427 1624 PVat.v
453 1589 774 1634 deprehendimus;
804 1602 839 1625 u.
864 1603 898 1636 p.
919 1590 1012 1625 XV1.
1062 1591 1252 1635 praeterea
1283 1592 1466 1635 quaedam

147 1640 192 1675 de
216 1640 279 1685 iis,
307 1651 401 1685 quae
426 1652 537 1686 supra
562 1641 677 1676 statui
702 1653 724 1677 a
748 1642 895 1677 Theone
920 1642 1056 1677 omissa
1080 1653 1175 1686 esse,
1201 1642 1268 1686 iis,
1294 1643 1358 1687 qui
1381 1645 1467 1688 post

149 1703 234 1727 eum
257 1692 297 1727 in
322 1692 588 1751 interpolandis
607 1694 712 1728 Datis
739 1694 859 1729 oleum
884 1696 921 1730 et
945 1705 1093 1740 operam
1116 1695 1364 1740 perdiderunt,
1390 1696 1468 1731 iure

145 1745 260 1780 tribui
285 1745 382 1780 licet.

239 1798 390 1833 Proclus
414 1798 526 1834 miror
550 1800 649 1843 quod
673 1812 707 1845 p.
729 1803 784 1843 92,
804 1803 824 1833 2
839 1811 916 1844 sqq.
943 1799 998 1834 ed.
1019 1799 1214 1844 Friefflein,
1239 1799 1304 1834 ubi
1329 1799 1466 1844 scripta

146 1849 312 1884 Euclidis
331 1852 602 1895 commemorat,
627 1853 774 1896 praeter
791 1851 1048 1886 Phaenomena
1068 1851 1181 1886 etiam
1198 1851 1296 1886 Data
1315 1851 1465 1887 omittit.

144 1914 179 1947 p.
202 1906 279 1946 235,
302 1906 438 1937 18-19
465 1904 598 1948 autem,
625 1914 732 1948 quem
757 1903 878 1939 locum
897 1902 1087 1938 Fabricius
1106 1903 1201 1938 Bibl.
1222 1903 1281 1938 Gr.
1302 1903 1352 1937 IV
1370 1915 1404 1948 p.
1420 1907 1464 1938 79

146 2036 202 2071 ed.
228 2036 386 2071 Hultsch
415 2049 450 2082 p.
472 2040 550 2082 610,
576 2041 654 2081 612,
681 2041 757 2071 616.
807 2036 906 2072 idem
935 2036 974 2071 in
1003 2035 1166 2071 Euclidis
1197 2035 1462 2072 Phaenomenis

145 2082 357 2117 recensione
388 2083 436 2118 ab
468 2094 528 2127 ea,
566 2094 661 2128 quae
693 2084 741 2118 ad
770 2094 836 2118 nos
867 2082 1050 2128 peruenit,
1089 2082 1235 2118 diuersa
1265 2093 1351 2118 usus
1383 2093 1463 2118 esse

145 2128 309 2173 uidetur3
335 2141 368 2164 u.
393 2142 428 2174 p.
450 2133 515 2164 601
536 2131 610 2164 not.

241 2178 274 2220 1)
304 2175 472 2220 Pappum
495 2176 797 2211 commentarium
820 2175 859 2210 in
883 2175 981 2210 Data
1005 2174 1192 2220 scripsisse
1217 2174 1295 2210 ueri
1320 2174 1462 2210 similli-

144 2233 245 2256 mum
270 2224 343 2266 est3
379 2234 412 2257 u.
439 2222 602 2257 Marinus
626 2235 660 2268 p.
682 2226 749 2258 256
769 2223 870 2267 extr.,
904 2232 1013 2266 quem
1037 2221 1157 2256 locum
1181 2221 1342 2267 Heiberg
1365 2221 1462 2274 (Stu-

146 2268 232 2304 dien
255 2281 290 2314 p.
313 2271 392 2314 173)
417 2267 495 2303 iure
519 2270 634 2315 negat
658 2269 706 2304 ad
729 2268 846 2314 Pappi
871 2267 1132 2303 Collectionem
1155 2278 1262 2313 posse
1285 2278 1462 2303 reuocari.
1518 2276 1520 2279 ’
