1520 2508
104 796 147 826 10

127 1143 146 1171 5
172 1137 220 1178 τὸ
254 1139 333 1178 ΖΔ
370 1137 531 1186 δοθείς.
591 1143 669 1178 τοῦ
708 1135 755 1178 δὲ
787 1140 866 1178 ΖΔ
901 1138 1010 1192 πρὸς
1046 1138 1093 1179 τὸ
1125 1140 1206 1178 ΕΒ
1243 1139 1371 1190 λόγος
1408 1136 1479 1178 ε’στ

173 75 195 114 1
203 74 258 114 14
700 74 966 108 ΔΕΔΟΜΕΝΑ.

171 169 219 210 τὸ
250 170 702 223 παραλληλόγραμμον
733 169 864 220 λόγον
895 166 1149 222 δεδομένον,
1187 167 1361 216 δέδοται,
1389 182 1447 210 πα
1472 150 1511 236 ἰ’-ἑξ

172 239 532 293 αλληλόγραμμον
563 243 622 294 τῷ
657 238 774 278 εἴδει.
1490 240 1508 289 ξ’

261 307 342 347 δύο
373 307 455 361 γὰρ
492 306 662 348 εὐθεῖαι
700 307 749 348 αἱ
775 309 869 361 ΑΒ,
895 309 974 348 ΓΔ
1009 308 1118 362 πρὸς
1149 306 1335 360 ἀλλήλας
1365 308 1444 360 λόγ

172 374 386 428 ἐχέτωσαν
422 374 678 429 δεδομένον,
720 374 791 417 καὶ
828 375 1151 431 ἀναγεγράφθω
1190 375 1272 417 ἀπὸ
1308 373 1386 430 μὲν
1422 381 1473 431 τῆ

172 446 258 485 AB
286 443 522 498 δεδομένον
546 451 605 501 τῷ
632 446 737 486 εἴδει
762 442 877 494 εἶδος
900 446 947 486 τὸ
974 448 1119 499 ΑΕΒ,
1145 444 1227 486 ἀπὸ
1252 442 1299 486 δὲ
1324 451 1399 499 τῆς
1419 447 1460 486 Γ
1502 437 1520 482 ἶ

171 516 621 569 παραλληλόγραμμον
652 515 700 556 τὸ
731 518 774 556 Δ
783 517 818 555 Ζ
849 514 896 556 ἐν
927 513 1137 569 δεδομένῃ
1169 516 1306 570 γωνίᾳ
1336 520 1386 569 τῇ
1411 514 1472 556 ὑπ
1516 567 1520 575 .

171 590 260 624 τῶν
287 585 423 637 ΖΓΔ,
455 585 583 636 λόγος
614 581 661 625 δὲ
693 586 799 625 ἔστω
823 589 902 625 τοῦ
926 587 1011 625 ΕΒ
1043 585 1188 633 εἴδους
1212 585 1319 639 πρὸς
1343 585 1391 625 τὸ
1419 586 1454 625 Ζ

171 654 621 709 παραλληλόγραμμον
653 654 822 702 δοθείς·
865 652 994 706 λέγω,
1033 653 1099 694 ὅτι
1131 651 1302 694 δέδοται
1332 653 1380 694 τὸ
1410 656 1453 694 Δ
1501 655 1520 674 “

172 723 621 777 παραλληλόγραμμον
650 728 710 779 τῷ
742 722 858 763 εῖδει.
1486 715 1520 799 ᾗ

261 790 582 846 ἀναγεγράφθω
614 791 696 845 γὰρ
722 791 806 833 ἀπὸ
830 798 905 845 τῆς
929 796 971 833 Α
979 795 1015 832 Β
1047 798 1107 848 τῷ
1133 794 1220 832 ΔΖ
1251 791 1402 845 ὅμοιον
1425 779 1520 851 καὶξξ

171 859 332 913 ὁμοίως
350 862 548 914 κείμενον
571 863 1023 916 παραλληλόγραμμον
1042 861 1091 902 τὸ
1110 865 1153 902 A
1160 863 1216 901 H
1261 859 1350 902 ἐπεὶ
1370 850 1520 917 Myce}

173 927 263 971 ἐστὶ
294 935 369 983 τῆς
399 932 484 970 ΑΒ
515 930 624 985 πρὸς
654 931 734 983 τὴν
767 931 845 971 ΓΛ
877 930 1045 984 δοθείς,
1076 929 1147 971 καὶ
1179 909 1520 984 ἀναγέγραπταᾶᾒῘ

172 997 255 1039 ἀπὸ
298 1005 386 1039 τῶν
422 1002 522 1052 ΑΒ,
555 1001 634 1040 ΓΛ
677 999 803 1053 όμοια
844 998 916 1040 καὶ
955 999 1114 1053 ὁμοίως
1155 1001 1328 1053 κείμενα
1365 998 1520 1040 εὐθύ

172 1082 346 1122 γραμμα
381 1068 434 1109 τὰ
464 1070 577 1122 AH,
605 1071 704 1122 ZA,
747 1070 875 1122 λόγος
911 1069 994 1124 ἄρα
1032 1067 1121 1110 ἐστὶ
1151 1074 1229 1109 τοῦ
1260 1071 1360 1109 ΑΗ
1390 1068 1473 1123 πρὸ
1516 1069 1520 1098 ’-

173 1206 334 1255 δοθείς.
406 1205 478 1247 καὶ
514 1212 592 1248 τοῦ
629 1209 711 1247 ΕΒ
755 1207 837 1262 ἄρα
872 1207 981 1262 πρὸς
1016 1208 1064 1248 τὸ
1101 1209 1201 1248 ΑΗ
1238 1208 1366 1259 λόγος
1408 1205 1479 1247 ἐστ

173 1275 334 1324 δοθειᾝς
407 1277 484 1317 καί
523 1274 612 1317 ἐστι
656 1270 838 1317 δοθεῖσα
874 1276 900 1330 ἡ
930 1276 1015 1318 ὑπὸ
1054 1283 1142 1317 τῶν
1177 1279 1307 1317 ΒΑΘ
1342 1276 1503 1328 γωνίαῖ

174 1347 244 1398 ἴση
282 1344 365 1400 γάρ
398 1344 487 1386 ἐστι
523 1351 575 1400 τῇ
605 1345 690 1387 ὑπὸ
724 1347 859 1387 ΖΓΔ.
920 1344 1010 1387 ἐπεὶ
1047 1343 1128 1388 οὖν
1164 1344 1400 1399 δεδομένου
1437 1359 1477 1400 τ,
1497 1358 1518 1396 „5

173 1412 278 1453 εἴδει
309 1413 454 1461 εἴδους
483 1418 562 1454 τοῦ
587 1416 671 1454 ΕΒ
701 1414 817 1469 παρα
841 1416 945 1468 μίαν
970 1421 1058 1455 τῶν
1082 1417 1283 1469 πλευρῶν
1306 1415 1386 1468 τὴν
1411 1415 1520 1457 AB*

102 1489 122 1519 2
171 1480 492 1536 παραβέβληται
523 1483 571 1523 τὸ
601 1485 701 1523 ΑΗ
727 1482 775 1524 ἐν
805 1482 1014 1538 δεδομένῃ
1045 1485 1184 1539 γωνία
1213 1489 1264 1538 τῇ
1295 1483 1379 1524 ὑπὸ
1410 1481 1520 1542 ww&

177 1553 301 1591 ΘΛΒ
342 1549 415 1592 καὶ
452 1553 580 1604 λόγος
619 1551 708 1593 ἐστὶ
750 1559 828 1594 τοῦ
864 1556 946 1594 ΕΒ
990 1554 1136 1602 εἴδους
1174 1553 1281 1608 πρὸς
1317 1553 1365 1594 τὸ
1403 1545 1520 1622 AH.}

173 1622 623 1676 παραλληλόγραμμον
666 1622 833 1676 δοθεις,
876 1621 1048 1663 δέδοται
1091 1623 1174 1677 ἄρα
1216 1623 1264 1663 τὸ
1301 1624 1401 1663 AH
1436 1614 1520 1679 τῷἦ

173 1690 290 1731 εἴδει.
350 1691 426 1731 καί
458 1689 575 1731 ἐστιν
613 1690 764 1744 ὅμοιον
794 1697 853 1747 τῷ
888 1694 995 1732 ZA·
1030 1690 1202 1733 δέδοται
1233 1692 1317 1747 ἄρα
1346 1689 1419 1732 καὶ
1448 1688 1520 1762 τὸΞ

176 1761 255 1798 ΖΔ
284 1764 343 1814 τῷ
375 1759 491 1800 εἴδει.

267 1979 298 2010 5.
324 1979 373 2022 τῷ
399 1975 503 2023 εἴδει]
531 1987 599 2011 om.
626 1976 662 2011 b.
734 1979 839 2011 ΑΕΒ
882 1979 949 2012 ΕΒ
974 1978 1010 2012 Ι).
1097 1981 1126 2012 7.
1151 1979 1239 2024 τῶν]
1264 1977 1331 2022 τήν
1356 1977 1390 2012 b.
1463 1980 1518 2012 8.‘'

173 2020 302 2062 δοθεις
326 2043 371 2048 —
397 2026 429 2057 9.
454 2022 831 2068 παραλληλόγραμμον
873 2034 943 2059 om.
968 2024 1003 2059 b.
1088 2027 1142 2058 10.
1173 2027 1234 2059 ZA
1258 2024 1292 2059 b.
1367 2037 1385 2058 ο
1388 1973 1520 2082 μοιόνὲ

171 2081 210 2103 τε
234 2068 318 2103 Vat.
403 2069 467 2104 καὶ
492 2067 625 2113 ὁμοίως
648 2068 834 2116 κείμενον]
860 2081 928 2104 om.
955 2070 990 2104 b.
1089 2074 1143 2105 11.
1170 2070 1248 2105 ἐπεὶ
1275 2084 1317 2105 ου
1320 2084 1341 2105 ν
1366 2069 1450 2104 Van.
1458 2069 1493 2104 b.
1505 2082 1520 2123 g

220 2118 274 2149 14.
302 2113 394 2161 ἐστί]
421 2126 490 2150 om.
516 2115 553 2151 b.
636 2119 689 2150 15.
717 2117 800 2162 ΕΒ]
827 2119 885 2151 ΒΛ
910 2117 945 2151 b.
1033 2120 1086 2151 16.
1113 2115 1177 2152 καί
1202 2138 1245 2143 -
1272 2120 1325 2151 17.
1352 2114 1480 2156 δοθείς
1505 2114 1520 2184 ξ

172 2173 241 2196 om.
267 2161 302 2195 b.
423 2165 476 2196 17.
508 2162 596 2207 τῶν]
622 2175 641 2196 τ
642 2167 684 2207 ῆς
709 2162 744 2197 b.
864 2165 917 2197 18.
943 2162 986 2207 τὴ
990 2176 1011 2197 ν
1041 2165 1143 2198 ΖΓΔ
1167 2163 1202 2198 b.
1315 2166 1363 2209 τῷ
1390 2161 1478 2197 εἴδει

172 2219 241 2242 om.
261 2207 296 2242 b.
395 2211 449 2242 19.
476 2209 559 2254 ΕΒ]
587 2175 684 2243 ΕΑηΒ
709 2208 744 2243 b.
839 2210 921 2255 ΑΒ]
948 2176 1013 2244 ΑηΒ
1036 2208 1170 2255 χωρίον
1195 2210 1229 2244 Ι).
1326 2212 1379 2244 20.
1406 2213 1476 2244 τῶν
1504 2184 1520 2287 ἒ

171 2259 235 2300 τῆς
259 2253 293 2288 b.
391 2258 445 2289 22.
472 2252 615 2300 δοθείς]
642 2256 799 2290 δοθεῖσα
822 2255 857 2290 Ι).
1508 2292 1520 2324 Ξ

1512 2358 1520 2388 i

1500 2390 1520 2508 ἑ
