1520 2508
163 107 246 149 178
571 107 574 110 ·
685 98 950 148 Amomm.
973 150 981 159 ·

160 203 209 245 τὸ
230 204 393 244 ·ΔΛΓ·
435 200 556 243 θέσει
593 202 676 257 ἄρα
714 199 803 243 ἐστὶ
837 202 886 243 τὸ
915 203 1067 243 ΔΑΓ·
1109 199 1230 243 θέσει
1267 191 1315 242 δὲ
1349 199 1421 243 καὶ
1450 173 1490 250 ὁ,Ι

161 274 247 314 ΑΒ
283 272 456 320 κύκλος·
500 269 635 313 δοθέν
666 270 783 312 ἐστιν
818 271 978 327 ἄρα-τὸ
1010 275 1063 313 Α.
1123 270 1231 312 ἀλλὰ
1260 268 1331 312 καὶ
1360 271 1409 312 τὸ
1441 272 1483 312 Γ

126 398 128 401 .
163 339 299 382 δοθέν
330 340 463 382 ἐστιν·
509 340 689 382 δοθεῖσα
726 341 811 397 ἄρα
839 339 956 382 ἐστὶν
976 339 1012 396 ἡ
1044 344 1085 382 A
1094 342 1135 381 Γ
1163 346 1214 396 τῇ
1250 338 1370 382 θέσει
1406 338 1477 381 καὶ

96 834 139 866 10

84 1182 142 1213 ⁷15

19 1520 143 1561 ⁴20

161 416 222 467 τῷ
255 409 438 464 μεγέθει.

782 495 865 532 qa.

247 547 346 591 Ἐὰν
377 549 537 591 κύκλου
568 547 803 612 δεδομένου
833 555 884 604 τῇ
902 548 1027 591 θέσει
1061 543 1212 604 ληφθῇ
1237 562 1278 589 τι
1303 554 1478 601 σημεῖον
1503 604 1506 608 ¹

165 617 286 668 ἐκτὸς
309 617 457 678 δοθέν,
483 618 565 660 ἀπὸ
591 616 639 660 δὲ
662 624 740 660 τοῦ
765 621 941 673 σημείου
967 620 1028 668 εἰς
1046 619 1122 660 τὸν
1140 618 1300 659 κύκλον
1319 617 1479 672 διαχθῇ
1501 618 1504 620 ’

162 703 228 737 τις
258 688 427 743 εὐθεῖα,
464 689 512 730 τὸ
543 688 627 730 ὑπὸ
666 694 740 742 τῆς
770 687 973 747 ἀχθείσης
1011 686 1082 729 καὶ
1113 692 1187 741 τῆς
1216 684 1371 741 μεταξὺ
1401 691 1478 727 τοῦ
1513 726 1518 732 ,

165 759 343 812 σημείου
365 756 437 799 καὶ
455 763 531 812 τῆς
548 756 707 813 κυρτῆς
729 759 1003 814 περιφερείας
1027 757 1329 812 περιεχόμενον
1348 754 1477 810 ὀρθο-

163 827 326 881 γώνιον
356 826 491 869 δοθέν
523 826 650 869 ἐστιν.

249 897 410 941 κύκλου
436 897 517 952 γὰρ
543 885 778 952 δεδομένου
802 902 854 969 τῆ
878 895 999 938 θέσει
1024 902 1102 938 τοῦ
1121 897 1256 938 ΑΒΓ
1280 895 1478 948 εἰλήφθω

165 981 207 1007 τι
239 973 415 1020 σημεῖον
446 965 565 1014 ἐκτὸς
594 966 643 1007 τὸ
668 969 723 1019 A,
754 966 843 1007 ἀπὸ
862 963 909 1007 δὲ
934 972 1011 1007 τοῦ
1034 970 1077 1007 A
1108 968 1285 1020 σημείου
1311 969 1478 1023 διηχθω

165 1051 232 1085 τις
268 1035 418 1098 εὐθεῖα
453 1034 501 1092 ἡ
516 1037 602 1076 AB
646 1033 858 1089 τέμνουσα
899 1036 975 1077 τὸν
1017 1037 1193 1078 κύκλον·
1243 1037 1370 1092 λέγω,
1414 1038 1480 1086 ὅτι
1514 1089 1516 1093 ¹

169 1103 304 1146 δοθέν
335 1104 423 1147 ε’στι
452 1105 500 1146 τὸ
530 1104 614 1146 ὑπὸ
646 1110 736 1146 τῶν
758 1107 852 1158 BA,
876 1107 972 1146 ΔΓ.

253 1175 376 1229 ἤχθω
414 1173 496 1216 ἀπὸ
532 1179 610 1215 τοῦ
641 1178 684 1215 A
719 1176 897 1229 σημείου
934 1180 1011 1216 τοῦ
1043 1178 1128 1216 ΛΒ
1138 1178 1179 1217 Γ
1195 1139 1367 1218 κύκλου
1406 1176 1480 1231 ἐφ-

157 1243 381 1299 απτομένη
412 1244 562 1285 εὐθεῖα
592 1243 618 1298 ἡ
650 1247 749 1285 AA
784 1243 965 1285 δοθεισα
996 1244 1079 1299 ἄρα
1110 1243 1226 1287 ἐστὶν
1255 1245 1281 1298 ἡ
1313 1249 1397 1287 AA
1426 1251 1478 1301 τῇ
1513 1235 1520 1281 ἶ

165 1314 288 1357 θέσει
314 1312 389 1356 ’καὶ
418 1319 478 1370 τῷ
507 1312 693 1368 μεγέθει.
742 1312 832 1355 ἐπεὶ
862 1310 942 1355 οὖν
973 1314 1154 1355 δοθεῖσα
1185 1309 1302 1356 ἐστιν
1331 1315 1357 1368 ἡ
1383 1318 1480 1369 AA,

167 1381 423 1439 δοθὲνᾶρα
459 1381 548 1424 ἐστὶ
585 1381 657 1424 καὶ
687 1383 735 1424 τὸ
766 1382 849 1424 ἀπὸ
879 1388 954 1437 τῆς
984 1386 1079 1424 ΑΔ.
1133 1386 1209 1425 καί
1236 1383 1354 1437 ἐστιν
1385 1383 1480 1426 ἴσον

166 1459 226 1510 τῷ
262 1453 346 1495 ὑπὸ
383 1454 648 1494 τῶν·ΒΔΓ·
692 1450 827 1494 δοθὲν
857 1453 939 1507 ἄρα
976 1451 1065 1494 ἐστὶ
1101 1452 1172 1494 καὶ
1202 1454 1249 1495 τὸ
1279 1454 1363 1495 ὑπὸ
1395 1446 1483 1512 τῶν

167 1514 305 1564 ΒΔΓ.
742 1535 744 1537 ·

781 1590 865 1644 (ιβ’-

252 1660 352 1703 ’Eam
382 1661 544 1703 κύκλου
575 1659 809 1715 δεδομένου
839 1666 890 1715 τῇ
914 1659 1035 1702 θέσει
1066 1664 1216 1723 ληφθῇ
1240 1675 1282 1703 τι
1307 1668 1483 1715 σημεῖον

171 1731 294 1780 ἐντὸς
329 1729 484 1784 δοθέν,
527 1731 599 1771 διὰ
636 1727 683 1771 δὲ
719 1735 796 1771 τοῦ
832 1731 1009 1784 σημείου
1049 1731 1210 1785 διαχθῇ
1240 1745 1305 1779 τις
1334 1730 1483 1772 εὐθεῖα

47 1794 53 1801 ’
104 1839 106 1842 .
170 1801 231 1850 εἰς
266 1801 344 1842 τὸν
378 1800 560 1854 κύκλον,
603 1800 651 1841 τὸ
682 1799 767 1841 ὑπὸ
797 1806 889 1841 τῶν
914 1805 989 1853 τῆς
1020 1799 1225 1853 ἀχθείσης
1254 1798 1483 1887 τμημάτων

100 1876 144 1908 25

168 1872 473 1944 περιεχόμενον
502 1869 778 1924 ὀρθογώνιον
809 1867 942 1910 δοθέν
973 1868 1099 1931 ἐστιν.

263 1976 292 2007 1.
326 1960 553 2031 ’ΔΑΓΨΥΠ
585 1974 686 2006 ΔΓΑ
711 1982 743 2006 a.
860 1969 963 2005 θέσει
988 1991 1030 1996 -
1056 1971 1181 2028 ΛΑΓ]
1209 1982 1276 2005 om.
1303 1982 1334 2005 a.
1449 1961 1480 2005 2.

170 2019 242 2063 ἄρα
270 2017 366 2054 ἐστιν
391 2030 423 2053 a.
512 2016 596 2064 καί]
623 2028 691 2053 om.
713 2029 752 2054 a.
841 2021 872 2052 3.
899 2015 1014 2052 δοθέν
1057 2015 1188 2052 δοθέν·
1216 2014 1331 2053 δοθὲν
1351 2016 1423 2059 ἄρα
1447 2027 1481 2052 a.

216 2065 240 2100 ἄ
243 2066 305 2111 ρα]
332 2076 400 2100 om.
427 2065 464 2100 P.
576 2068 607 2099 5.
634 2064 716 2110 qoe']
744 2063 806 2110 οβ’
833 2063 927 2107 Van,
961 2064 1040 2098 ed
1051 2063 1131 2109 3'Q
1158 2065 1246 2109 Ma).
1361 2067 1389 2098 7.
1417 2061 1479 2109 δέ]

171 2122 239 2146 om.
267 2113 298 2157 β.
406 2115 437 2146 8.
463 2116 527 2146 τοῦ
552 2123 589 2145 τε
614 2111 646 2157 β
757 2114 810 2145 10.
838 2109 935 2144 ἔσται
985 2139 990 2145 .
1105 2114 1157 2144 11.
1182 2115 1226 2156 τῇ
1250 2107 1353 2144 θέσει
1378 2110 1483 2144 δεδο-

171 2157 282 2203 μένου
309 2169 340 2194 a.
436 2160 543 2192 ΑΒΓ
589 2160 661 2192 ΑΓ
681 2168 713 2192 a.
809 2159 861 2191 13.
888 2159 956 2191 AB
1000 2159 1062 2191 BA
1086 2168 1147 2191 va.
1245 2159 1297 2191 14.
1323 2155 1394 2190 ὑπὸ
1419 2160 1510 2200 τῆς·

172 2207 278 2239 ΒΔΓ
298 2216 329 2239 a.
444 2207 497 2239 15.
523 2208 556 2239 A
600 2206 634 2238 Γ
653 2215 685 2239 a.
791 2206 844 2238 16.
871 2204 1000 2237 εὐθεῖα
1025 2216 1168 2247 γραμμη
1194 2213 1225 2238 a.
1326 2203 1480 2236 δοθεῖσα

172 2271 215 2277 —-
241 2252 318 2297 AA]
346 2248 493 2285 δέδοται
518 2250 590 2293 ἄρα
616 2261 647 2284 a.
729 2253 780 2284 18.
806 2249 885 2295 AA]
910 2253 971 2284 AA
996 2249 1079 2284 Vat.
1160 2252 1212 2284 19.
1238 2254 1309 2284 τῶν
1328 2249 1480 2292 (utrum-

171 2298 271 2344 que)]
298 2302 361 2342 τῆς
385 2308 417 2332 a.
508 2301 515 2308 '
536 2300 590 2331 20.
624 2296 703 2340 Seq.
730 2296 923 2331 demonstr.
951 2295 1032 2341 alt.;
1057 2307 1091 2331 u.
1118 2294 1200 2340 ap'p.
1317 2298 1373 2330 21.
1399 2294 1480 2340 οβ’]
