1520 2508
76 951 120 982 10

78 1299 122 1330 15

57 1647 119 1678 -20

155 153 239 194 134
627 169 630 171 Δ
679 158 954 193 AEAOMENA.
1010 184 1016 190 .

152 248 203 290 τὸ
230 250 369 290 ΑΓΚ
396 251 610 303 τρίγωνον
640 258 699 307 τῷ
731 252 853 293 εἴδει·
892 245 1019 306 λόγος
1049 254 1132 308 ἄρα
1163 253 1251 295 ἐστὶ
1282 261 1356 309 τῆς
1386 259 1428 297 A
1437 258 1478 297 Γ

150 318 259 370 πρὸς
288 319 368 372 τὴν
394 321 482 360 ΓΚ
509 320 677 369 δοθείς·
707 326 782 374 τῆς
812 319 860 363 δὲ
884 324 976 364 ΑΓ
998 324 1106 377 πρὸς
1130 325 1208 377 τὴν
1233 327 1314 366 ΕΖ
1346 327 1482 378 λόγος

151 385 240 428 ἐστὶ
272 387 438 437 δοθείς·
469 387 541 430 καὶ
565 395 640 443 τῆς
666 392 796 431 PK’
779 391 862 446 ἄρα
884 393 992 447 πρὸς
1015 394 1095 446 τὴν
1119 396 1202 434 ΕΖ
1233 395 1360 446 λόγος
1382 393 1470 436 ἐστὶ

151 457 312 506 δοθείς.
380 459 469 499 ἐστι
511 456 559 500 δὲ
601 458 673 500 και
716 465 791 513 τῆς
827 462 906 502 ΓΒ
949 462 1057 516 πρὸς
1098 463 1177 516 τὴν
1215 466 1307 504 ΖΗ
1345 465 1472 517 λόγος

89 561 92 566 ,
151 525 313 580 δοθείς,
344 529 420 568 καί
447 527 564 570 ἐστιν
594 532 666 582 ἴση
697 528 722 582 ἡ
753 529 837 571 ὑπὸ
868 538 955 572 τῶν
980 534 1025 572 Κ
1030 531 1275 585 ΓΒγωνία
1304 539 1355 587 τῇ
1386 533 1470 574 ὑπὸ

148 603 236 637 τῶν
278 599 435 638 ΕΖΗ·
484 599 611 651 λόγος
653 599 737 653 ἄρα
781 598 869 641 ἐστὶ
912 606 989 641 τοῦ
1028 603 1106 642 ΓΛ
1146 602 1255 655 πρὸς
1296 602 1343 644 τὸ
1389 605 1471 643 ΖΘ

152 665 313 715 δοθειᾜς
375 670 472 708 ἴσον
502 665 551 708 δε
580 668 628 709 τὸ
661 670 739 709 ΓΛ
768 684 826 709 τω
860 671 954 710 ΓΛ·
997 672 1124 723 λόγος
1160 672 1243 724 ἄρα
1273 670 1361 712 ἐστὶ
1388 677 1469 712 τοῦ

152 737 232 776 ΓΔ
261 736 370 791 πρὸς
400 737 447 778 τὸ
481 740 564 778 ΖΘ
594 738 753 787 δοθείς.

773 881 826 906 οα
846 898 855 907 .

232 931 335 985 Ἐὰν,
363 945 442 986 δύο
473 946 700 999 τριγώνων
735 945 834 1000 περὶ
872 950 967 996 ἴσας
996 950 1156 1000 γωνίας
1191 947 1217 1001 ἢ
1248 947 1345 1001 περὶ
1377 949 1469 991 ἀνί-

147 1024 252 1062 σους
281 1013 374 1067 μέν,
406 1013 640 1068 δεδομένας
671 1014 732 1068 δέ,
763 1017 811 1057 αἱ
837 1015 1019 1070 πλευραὶ
1049 1018 1157 1071 πρὸς
1187 1017 1374 1072 ἀλλήλας
1398 1021 1469 1069 λό-

145 1098 226 1136 γον
251 1085 379 1137 ἔχωσι
406 1082 654 1138 δεδομένον,
678 1083 750 1126 καὶ
770 1085 880 1126 αὐτὰ
902 1086 955 1127 τὰ
972 1089 1162 1140 τρίγωνα
1180 1088 1289 1142 πρὸς
1307 1089 1469 1142 ἄλληλα

68 1209 71 1211 ¹
146 1154 278 1206 λόγον
309 1155 393 1207 ἔχει
425 1153 671 1208 δεδομένον.

233 1223 314 1264 δύο
354 1223 436 1278 γὰρ
479 1223 706 1277 τριγώνων
747 1230 834 1265 τῶν
877 1227 1023 1278 ΑΒΓ,
1057 1228 1192 1267 ΔΕΘ
1232 1225 1330 1281 περὶ
1375 1231 1469 1277 [σας

146 1294 308 1345 γωνίας
337 1293 413 1341 τὰς
440 1293 550 1347 πρὸς
579 1300 670 1342 τοῖς
694 1296 749 1346 Α,
767 1297 811 1334 Δ
840 1292 866 1347 ἢ
897 1293 994 1349 περὶ
1020 1294 1198 1344 ἀνίσους
1223 1295 1315 1350 μέν,
1346 1297 1468 1338 δεδο-

144 1361 292 1416 μένας.
311 1361 378 1415 δέ,
421 1363 471 1404 αἱ
498 1360 684 1418 ,πλευραὶ
722 1363 831 1417 πρὸς
867 1362 1053 1417 ἀλλήλας
1089 1366 1220 1417 λόγον
1257 1365 1468 1420 ἐχέτωσαν

146 1425 393 1486 δεδομένον,
425 1431 497 1473 καὶ
523 1434 629 1474 ἔστω
661 1433 788 1485 λόγος
818 1438 893 1486 τῆς
922 1430 1001 1486 μὲν
1031 1435 1112 1474 ΒΑ
1120 1434 1249 1488 ,πρὸς
1277 1436 1356 1488 τὴν
1381 1439 1467 1477 ΕΔ

70 1540 73 1544 .
147 1501 310 1554 δοθείς,
341 1507 416 1556 τῆς
447 1499 494 1543 δὲ
525 1505 567 1545 Α
577 1504 618 1543 Γ
640 1502 750 1556 πρὸς
779 1503 859 1556 τὴν
888 1505 931 1543 Δ
942 1505 994 1543 Θ·
1031 1501 1161 1556 λέγω,
1192 1503 1258 1544 ὅτι
1287 1503 1358 1545 καὶ
1388 1511 1466 1546 τοῦ
1496 1500 1499 1503 ’

145 1573 283 1614 ΑΒΓ
323 1571 540 1624 τριγώνου
590 1573 718 1624 λόγος
767 1570 855 1612 ἐστὶ
899 1570 1048 1620 δοθεὶς
1094 1573 1203 1627 πρὸς
1243 1573 1291 1614 τὸ
1334 1576 1467 1615 ΕΛΘ

143 1642 369 1695 τρίγωνον.

231 1711 619 1764 συμπεπληρώσθω
634 1710 716 1764 γὰρ
736 1710 789 1751 τὰ
807 1714 849 1751 Α
856 1713 913 1764 H,
927 1714 969 1752 A
979 1713 1013 1751 Ζ
1032 1714 1463 1767 παραλληλόγραμμα.

230 1778 320 1820 ἐπεὶ
363 1776 444 1821 οὖν
484 1781 564 1821 δύο
606 1780 1066 1835 παραλληλογράμμων
1108 1788 1197 1833 τῶν
1238 1785 1350 1835 AH,
1376 1786 1463 1824 AZ

143 1847 240 1904 περὶ
270 1849 346 1898 τὰς
378 1853 472 1901 ἴσας
502 1851 662 1902 γωνίας
698 1848 724 1902 ἢ
755 1848 853 1903 περὶ
884 1849 1062 1899 ἀνίσους
1098 1849 1194 1904 μέν,
1231 1851 1465 1906 δεδομένας

236 1979 267 2009 1.
294 1977 405 2009 ΑΓΚ
452 1977 562 2009 ΑΒΓ
587 1975 621 2010 b.
740 1974 829 2009 Post
851 1973 1030 2019 τρίγωνον
1055 1975 1138 2010 hab.
1167 1975 1231 2010 διὰ
1255 1977 1398 2021 (comp.)
1420 1976 1462 2020 μ’

142 2021 288 2065 punctis
315 2021 385 2056 del.
446 2022 495 2056 at.
615 2025 646 2056 3.
678 2019 742 2056 καί
766 2042 810 2047 -
835 2025 866 2056 4
893 2020 1036 2075 ὃοθείς]
1063 2032 1131 2056 om
1156 2021 1192 2056 b.
1312 2026 1344 2058 4.
1375 2022 1464 2057 Post
1516 2038 1518 2040 ’

142 2067 247 2112 λόγος
271 2067 355 2103 hab.
383 2066 456 2102 ἐστί
481 2079 514 2111 v,
541 2066 610 2102 del.
637 2079 683 2102 m.
710 2069 792 2113 2(?).
902 2071 932 2102 5.
960 2067 1043 2126 καί]
1070 2079 1138 2103 om.
1165 2068 1199 2104 b.
1310 2073 1339 2104 6.
1367 2068 1462 2115 ἐστί]

142 2125 210 2149 om.
225 2125 258 2149 v.
342 2113 398 2160 τό]
425 2125 493 2149 om.
509 2114 543 2148 b.
630 2117 660 2149 7.
688 2113 827 2149 ἴσον-
842 2117 873 2149 8.
894 2113 1036 2160 Samis]
1062 2114 1119 2148 bis
1139 2114 1179 2157 ὃς
1206 2114 1269 2150 alt.
1290 2114 1372 2150 loco
1391 2115 1461 2152 del.

143 2171 189 2195 m.
217 2164 248 2195 2.
347 2164 376 2195 7.
403 2160 459 2207 τό]
486 2171 555 2195 om.
575 2160 609 2195 b.
707 2160 781 2195 ἐστὶ
804 2158 868 2195 καί
891 2172 923 2195 v.
1021 2164 1052 2195 8.
1082 2161 1178 2251 ΖΘ](
1193 2163 1268 2195 ΖΗ
1288 2161 1461 2196 b.10.

141 2205 207 2246 τὰς
231 2205 312 2246 ἴσας
335 2206 376 2251 b,
407 2207 499 2241 item
522 2206 585 2241 lin.
615 2210 668 2242 14.
765 2210 818 2242 12.
846 2205 954 2253 αὐτά]
979 2206 1094 2241 ταύτά
1118 2208 1178 2253 β(
1178 2218 1251 2242 non
1274 2207 1323 2252 b).
1408 2211 1460 2243 13.
1515 2238 1520 2244 .

144 2251 214 2294 ἕξει
238 2252 272 2287 b.
359 2257 412 2288 14.
439 2253 526 2298 τῶν]
552 2251 598 2287 τά
622 2252 656 2288 b.
750 2256 802 2288 15.
827 2251 892 2293 τάς
920 2274 958 2278 -
986 2254 1034 2299 Δ]
1061 2264 1128 2288 om.
1155 2253 1189 2288 b.
1275 2258 1328 2289 16.
1354 2254 1461 2298 ἀλλήι-

142 2301 227 2339 λους
249 2299 283 2334 b.
406 2303 458 2334 18.
487 2299 569 2380 51:779)
600 2305 664 2334 τοῦ
689 2299 723 2334 b.
844 2303 897 2334 19.
929 2300 1019 2343 πρὸς
1042 2300 1084 2335 τὸ
1109 2303 1142 2335 A
1151 2301 1223 2335 ΕΘ
1253 2299 1357 2345 λόγος
1388 2300 1461 2335 ἐστὶ
1512 2361 1518 2367 ,.

142 2344 270 2386 δοθείς
293 2345 328 2380 b.
427 2349 489 2380 20..
507 2359 548 2390 τρ
566 2346 699 2392 γωνον]
726 2356 800 2399 om.v
822 2345 886 2380 Vb.
1510 2371 1520 2385 ³-
