1520 2508
549 56 919 91 PROLEGOMENA.
1306 51 1409 86 XXV

71 168 122 193 an
138 155 290 191 Thuano
317 152 507 196 debeatur,
531 162 630 186 nunc
656 149 798 186 dubito.
837 161 882 185 ex
900 149 1000 185 notis
1023 160 1046 184 a
1065 147 1221 183 Thuano
1246 145 1410 193 margini

71 207 266 254 adscriptis
297 206 366 241 has
399 205 544 241 adfero:
587 217 623 250 p.
651 208 712 247 32,
742 207 784 238 15
817 202 1028 251 ἀφῃρήσθω
1061 202 1180 236 ‘hunc
1210 200 1334 236 locum
1361 199 1409 234 ab

70 260 278 310 ἀφῃρήσθω
310 259 359 295 ad
389 259 453 294 καὶ
477 263 542 294 τοῦ
572 260 635 292 ΖΒ
665 258 757 303 puto
790 256 844 292 sic
874 256 1091 303 legendum:
1129 253 1340 301 ἀφῃρήσθω
1369 252 1411 287 τὸ

71 313 187 352 δοθὲν
219 312 378 359 μέγεθος
401 315 479 347 AZ.
530 309 643 346 πάλιν
669 310 749 346 ἐπεὶ
774 310 815 346 τὸ
841 312 915 345 ΔΕ
945 314 1011 345 τοῦ
1039 311 1074 343 Γ
1101 305 1256 344 δοθέντι
1286 305 1412 351 μεῖζόν

69 369 165 406 ἐστιν
196 366 218 413 ἢ
253 366 293 402 ἐν
324 365 436 414 λόγῳ,
473 364 685 412 ἀφῃρήσθω
715 363 757 399 τὸ
789 361 910 399 δοθὲν
941 361 1101 409 μέγεθος
1130 361 1171 397 τὸ
1202 365 1236 396 Δ
1245 363 1290 396 Η.
1346 359 1413 395 καὶ

68 422 176 468 λόγος
200 420 273 465 ἄρα
298 425 363 455 τοῦ
389 421 520 454 λοιποῦ
548 420 625 453 ΗΕ
649 418 742 462 πρὸς
766 418 807 453 τὸ
836 420 871 452 Γ
893 415 1022 453 δοθέν.
1060 414 1126 451 διὰ
1144 413 1261 450 ταύτὰ
1280 413 1327 459 δὴ
1347 413 1413 448 καὶ

68 481 135 511 τοῦ
164 477 226 510 ΖΒ
251 473 344 518 πρὸς
368 473 408 509 τὸ
436 475 472 508 Γ
493 471 601 518 λόγος
626 471 700 507 ἐστὶ
726 469 896 515 δοθείς’;
932 483 968 516 p.
994 473 1052 514 44,
1079 472 1099 504 5
1132 467 1220 504 ὥστε
1251 467 1316 503 καὶ
1346 472 1414 502 τοῦ

72 567 141 601 rz
173 564 351 599 ‘fortasse
383 561 452 598 sic:
489 526 876 606 mzisssszp‘zssffffiz
907 557 1000 603 πρὸς
1029 557 1070 592 τὸ
1099 558 1171 591 AE
1200 555 1308 601 λόγος
1340 555 1415 590 ἐστι

70 615 210 658 δοθείς.
243 617 307 652 καὶ
325 621 391 651 τοῦ
411 619 439 650 Α
450 617 481 650 Ε
500 614 574 659 ἄρα
592 614 685 659 πρὸς
703 614 744 649 τὸ
762 616 831 649 ΖΛ
849 612 956 658 λόγος
975 610 1049 646 ἐστὶ
1068 607 1199 650 ὃοθείς
1218 611 1335 655 (prop.
1350 608 1416 654 8⁰).

71 676 136 707 τοῦ
162 668 203 706 δὲ
232 672 300 705 ΖΔ
327 668 421 713 πρὸς
446 670 516 703 ΒΕ
546 667 654 713 λόγος
679 666 754 702 ἐστὶ
778 663 908 706 ὃοθείς
932 676 977 700 ex
1000 663 1210 710 hypothesi.
1261 662 1326 698 καὶ
1350 667 1418 697 τοῦ

72 726 144 760 ΑΕ
169 723 241 768 ἄρα
261 722 353 767 πρὸς
371 722 412 757 τὸ
435 724 503 756 ΕΒ
522 721 629 767 λόγος
649 720 723 756 ἐστὶ
742 717 882 760 ὃοθείς.
916 717 1005 753 ὥστε
1023 716 1193 760 πάντες’;
1225 729 1260 762 p.
1277 719 1356 761 138,
1371 718 1415 749 21

70 777 163 823 πρὸς
187 777 254 822 τὴν
282 778 355 811 ΓΚ
373 776 454 821 (pr.)
488 774 640 810 ‘malim
664 773 779 819 ἄλλην
803 771 888 809 τινά
920 774 957 808 et
980 783 1047 818 pro
1073 776 1136 816 τῆς
1163 773 1236 805 ΓΚ
1247 771 1272 816 ¹)
1298 769 1419 814 αὐτήν

74 832 113 867 et
135 830 192 866 ita
214 829 410 865 retinenda
435 829 493 864 est
517 827 629 864 lectio
654 827 764 862 huius
789 826 879 863 libri
902 826 1043 862 reiecta
1068 824 1189 860 altera
1212 835 1257 859 ex
1275 823 1418 870 regio'3

73 897 109 931 p.
131 887 209 930 140,
233 886 276 918 23
302 882 393 927 πρὸς
417 882 485 928 τὴν
513 885 575 917 ΓΛ
602 880 696 916 ‘sine
722 880 837 916 dubio
862 879 1078 926 legendum:
1110 878 1203 923 πρὸς
1228 876 1275 922 ἣν
1300 877 1323 923 ἡ
1353 879 1418 912 ΓΛ

72 937 182 983 λόγον
209 936 282 983 ἔχει
313 934 556 980 δεδομένον’;
592 947 628 981 p.
657 938 737 979 152,
762 937 784 968 4
814 938 879 979 τῆς
903 935 974 968 ΛΖ
999 954 1045 958 -
1070 935 1091 966 5
1118 930 1188 978 γάρ
1222 932 1336 977 ‘puto
1363 930 1417 966 sic

73 991 288 1037 legendum:
313 995 378 1035 τῆς
399 991 470 1024 ΓΕ
495 988 569 1033 ἄρα
594 987 687 1032 πρὸς
704 987 772 1032 τὴν
795 990 858 1022 ΖΒ
884 985 991 1032 λόγος
1014 985 1088 1021 ἐστὶ
1107 983 1247 1025 δοθείς.
1287 983 1421 1024 δοθεὶς

73 1042 114 1080 δὲ
140 1049 204 1090 τῆς
232 1046 294 1078 ΖΒ
320 1043 413 1087 πρὸς
437 1042 505 1087 τὴν
532 1044 605 1076 ΕΔ
630 1040 747 1086 λόγος.
785 1040 850 1075 καὶ
874 1045 938 1085 τῆς
966 1039 1069 1083 ΓΕ’;
1106 1051 1130 1084 p
1152 1042 1237 1083 192,
1258 1042 1302 1073 19
1329 1036 1420 1072 ὥστε

76 1097 162 1133 ‘hoc
189 1096 278 1131 ὥστε
302 1107 378 1131 11011
402 1094 518 1140 probo
542 1093 736 1138 multoque
761 1093 883 1128 minus
910 1103 1067 1138 sequens
1092 1090 1161 1138 γάρ
1174 1092 1211 1138 ²).
1254 1103 1344 1127 nam
1362 1091 1420 1126 ita

74 1149 232 1196 probare
270 1159 397 1195 posses
430 1151 458 1182 Β
497 1158 577 1182 esse
614 1145 766 1192 μεγέθει
802 1145 1019 1192 δεδομένην.
1071 1145 1312 1190 censendum,
1349 1145 1422 1179 hoc

77 1203 193 1244 ἄλλως
224 1202 423 1237 delendum
449 1201 563 1244 esse'3
599 1212 634 1246 p.
657 1203 741 1245 196,
763 1203 784 1234 8
810 1201 968 1235 δοθεῖσα
994 1221 1040 1225 -—
1065 1203 1085 1234 9
1112 1197 1229 1244 γωνία
1262 1199 1325 1234 ‘aiz
1348 1198 1420 1233 hoc

75 1256 241 1292 nondum
260 1254 581 1290 demonstratum’.
599 1283 601 1285 .
619 1254 735 1288 uerba
758 1265 794 1298 p.
817 1256 895 1298 156,
916 1257 936 1288 9
963 1255 1130 1287 ΒΑΓ-
1143 1258 1227 1297 τῶν,
1251 1265 1287 1298 p.
1304 1255 1383 1296 170,
1399 1254 1419 1286 7

76 1308 165 1344 ὥστε
190 1330 237 1335 -
256 1311 277 1342 8
303 1305 448 1352 ὃοθείς,
481 1320 516 1353 p.
539 1310 618 1352 174,
638 1311 683 1342 20
709 1306 878 1352 εἰλήφθω
903 1327 949 1332 -—
975 1310 1017 1340 21
1044 1306 1085 1341 τὸ
1113 1309 1140 1340 Β
1165 1318 1214 1340 m.
1236 1309 1254 1340 1
1282 1304 1423 1341 omissa

75 1361 252 1397 Thuanus
283 1359 323 1395 in
349 1371 466 1407 marg.
494 1359 694 1405 suppleuit.
743 1359 784 1394 in
812 1360 886 1395 fine
910 1359 1093 1394 Datorum
1124 1359 1301 1394 adnotat:
1342 1358 1420 1393 ‘se-

76 1414 231 1460 quentia
263 1414 398 1449 desunt
427 1413 467 1448 in
496 1412 614 1458 Regio
649 1412 886 1459 exemplari'.
949 1412 1145 1458 sequentia
1181 1423 1278 1457 quae
1316 1411 1422 1456 dicit,

78 1469 158 1504 sine
190 1467 303 1503 dubio
333 1467 505 1514 longiora
535 1466 604 1502 illa
634 1466 778 1502 scholia
805 1466 911 1502 codd.
938 1466 1060 1501 PVat.
1087 1467 1192 1511 sunt,
1231 1464 1424 1510 exemplar

79 1524 221 1567 autem,
248 1521 347 1566 quod
371 1519 516 1567 regium
536 1520 726 1566 adpellat,
752 1519 827 1555 nisi
850 1519 980 1564 fallor,
1005 1520 1084 1555 cod.
1108 1523 1161 1555 19.
1212 1519 1244 1554 is
1270 1518 1423 1564 quidem

80 1575 223 1611 scholia
254 1574 322 1610 illa
352 1586 428 1610 non
461 1573 643 1618 continet,
682 1572 990 1619 interpolationes
1021 1573 1116 1608 istas
1147 1585 1195 1608 m.
1224 1576 1244 1606 2
1269 1571 1356 1607 vat.
1382 1570 1423 1605 in

77 1630 184 1665 textu
208 1628 325 1664 habet
348 1638 517 1672 unusque
544 1637 589 1662 ex
612 1626 766 1672 reliquis
791 1626 971 1662 Parisinis
996 1639 1031 1673 p.
1054 1631 1109 1672 74,
1130 1631 1150 1662 6
1180 1629 1244 1662 ΓΑ
1269 1637 1337 1672 pro
1356 1628 1424 1660 AB

77 1682 234 1729 praebet
259 1682 306 1727 (u.
328 1682 463 1727 supra).

173 1735 251 1770 iam
282 1733 489 1780 disputatio
521 1733 677 1779 delapsa
708 1734 765 1769 est
796 1733 843 1768 ad
876 1744 938 1769 eos
970 1733 1134 1779 codices,
1172 1733 1238 1779 qui
1265 1744 1311 1769 ex
1335 1733 1424 1768 Vat.

81 1788 263 1835 originem
288 1787 428 1822 ducunt
453 1788 491 1822 ei:
515 1786 823 1832 interpolationes
848 1799 895 1822 m.
918 1791 938 1821 2
962 1787 1074 1822 huius
1099 1787 1239 1822 codicis
1259 1787 1298 1822 in
1317 1788 1424 1821 textu

78 1842 230 1878 habent.
281 1842 367 1876 sunt
398 1841 524 1876 autem
554 1841 704 1886 praeter
734 1840 814 1875 cod.
843 1843 903 1884 19,
935 1851 1046 1884 quem
1076 1839 1187 1875 modo
1218 1838 1424 1883 nominaui,

82 1894 188 1930 codd.
209 1897 264 1939 15,
292 1897 346 1939 16,
373 1897 429 1938 22,
456 1897 511 1938 27,
538 1897 593 1928 28.

176 1959 220 1983 ac
245 1947 350 1982 codd.
373 1950 428 1992 15,
450 1951 492 1981 16
519 1946 671 1991 quidem
694 1946 828 1981 intimo
853 1946 951 1982 inter
970 1958 1010 1982 se
1033 1945 1321 1982 necessitudinis
1340 1945 1425 1980 uin-

83 2001 167 2037 culo
192 1999 378 2036 coniuncti
410 2002 513 2044 sunt,
551 2000 616 2035 cfr.
642 2012 677 2046 p.
699 2004 738 2044 4,
760 2003 778 2034 7
810 2005 876 2035 τοῦ
903 1998 1100 2046 δοθέντος]
1125 2005 1190 2035 τοῦ
1218 1997 1425 2044 ἐλάσσονος,

84 2059 139 2099 15,
167 2057 228 2098 163
264 2065 299 2099 p.
322 2057 382 2099 14,
403 2057 446 2088 16
473 2052 607 2100 οὕτως]
635 2064 704 2088 om.
733 2057 794 2098 15,
823 2057 884 2097 163
921 2066 956 2099 p.
980 2056 1058 2097 126,
1085 2056 1127 2087 21
1155 2052 1249 2097 πρός
1268 2054 1316 2098 (u.
1338 2053 1424 2098 adp.

83 2108 201 2153 crit.)]
227 2117 297 2155 0111.
325 2110 384 2152 15,
411 2111 465 2142 16.
516 2118 535 2142 e
568 2107 648 2142 cod.
678 2110 720 2141 15
753 2107 791 2141 et
823 2106 990 2142 codicem
1018 2111 1061 2142 16
1091 2106 1319 2151 descriptum
1344 2117 1426 2141 esse

82 2163 121 2197 et
150 2159 456 2205 interpolationes
486 2159 579 2195 isssas
605 2159 644 2194 in
672 2160 751 2195 cod.
779 2159 864 2194 Vat.
890 2159 1112 2205 translatas,
1143 2158 1203 2193 his
1231 2158 1425 2205 scripturis

179 2293 212 2337 1)
239 2290 314 2326 Scil
350 2289 415 2325 ast.
441 2290 509 2335 τὴν
537 2292 617 2325 ΓΚ.
740 2291 774 2335 2)
800 2289 843 2325 U.
871 2289 955 2336 adp.
983 2289 1062 2325 crit.
